3310 5254
728 453 919 518 ...35

450 643 478 705 2.
503 647 681 728 praecepta
710 639 826 728 quibus
856 663 956 728 opera
983 641 1134 706 facienda
1156 641 1402 706 accuratissime

418 751 657 818 describuntur.
674 754 714 818 cf.
730 755 820 819 tituli
832 754 1036 820 Lebadensis
1047 760 1175 840 partem
1188 753 1403 840 posteriorem

417 864 451 928 in
473 867 577 930 altera
600 867 873 932 commentatione
897 866 1134 953 explicandam.

399 973 436 1062 b)
458 976 582 1043 indices
613 999 749 1065 operum
772 978 998 1044 struendorum
1020 997 1104 1064 quae
1127 999 1147 1043 a
1170 978 1307 1064 singulis
1332 976 1403 1063 opi·

374 1086 490 1152 ficibus
521 1096 675 1177 suscepte
704 1095 805 1155 erant.
856 1090 890 1154 in
919 1090 1037 1175 quibus
1064 1109 1165 1176 opera
1192 1107 1258 1155 non
1285 1096 1403 1155 exacte

374 1197 539 1287 descripta
556 1201 615 1266 sed
627 1201 773 1267 breviter
790 1207 915 1266 tantum
931 1201 1065 1267 definita
1078 1207 1161 1267 sunt.
1185 1221 1248 1287 quo
1260 1202 1404 1288 pertinet

375 1311 489 1376 titulus
517 1313 571 1398 qui
599 1313 640 1377 ad
667 1313 782 1379 aedem
811 1314 978 1379 Minervae
1001 1311 1146 1379 Poliadis
1168 1320 1295 1400 spectat
1318 1312 1404 1377 OIA.

373 1422 477 1507 Ι282,
491 1425 531 1493 01.
542 1425 715 1492 Michaelis
728 1428 762 1491 in
775 1425 913 1513 append.
930 1425 1030 1513 epigr.
1046 1425 1087 1490 ad
1099 1426 1284 1492 Pausaniae
1299 1426 1405 1493 deser.

377 1536 462 1601 arcis
484 1537 605 1604 Athen.
630 1537 680 1604 ed.
704 1538 743 1604 Ο.
765 1538 848 1603 Ishn
871 1537 921 1605 ed.
944 1538 1000 1604 alt.
1023 1558 1055 1625 p.
1077 1543 1118 1602 44
1140 1539 1191 1603 tit.
1217 1541 1265 1605 16.

260 1666 287 1737 Ι.
311 1673 461 1738 rationes
484 1693 619 1761 operum
641 1675 870 1762 perfectorum.

402 1784 436 1872 a)
459 1787 635 1853 laterculus
672 1807 808 1875 operum
840 1785 1019 1852 Erechthei
1052 1785 1210 1851 factorum
1234 1791 1268 1850 et
1298 1785 1403 1852 infec-

377 1901 484 1963 torum
506 1899 599 1966 iussu
619 1901 734 1987 populi
757 1901 956 1988 compositus
981 1894 1066 1963 OIA.
1089 1897 1106 1960 I
1130 1899 1203 1979 322,
1226 1896 1276 1962 IV
1297 1915 1329 1984 p.
1352 1901 1402 1981 38,

376 2007 548 2077 Michaelis
570 2013 592 2077 l.
616 2033 643 2077 c.
666 2013 715 2082 tit.
740 2015 789 2079 19.

401 2120 437 2208 b)
459 2125 603 2190 rationes
619 2126 682 2191 rite
704 2125 851 2190 redditae
867 2125 907 2190 de
929 2117 1112 2210 sumptibus
1128 2123 1162 2187 ln
1178 2142 1277 2209 opere
1292 2120 1404 2187 factis:

376 2233 463 2299 tituli
487 2235 627 2302 adoreis
644 2237 848 2303 Athenarum
871 2235 1029 2318 aedificia,
1052 2233 1201 2322 inprimis
1224 2233 1265 2299 ed
1288 2235 1404 2301 aedem

373 2343 542 2414 Minervae
573 2349 719 2415 Poliadis
751 2354 954 2437 spectantes,
995 2370 1075 2435 quos
1108 2348 1215 2414 denuo
1247 2347 1403 2414 collectos

373 2458 545 2526 Michaelis
567 2482 672 2549 nuper
700 2459 801 2528 edidit
822 2463 842 2527 l.
866 2485 893 2527 c.
916 2484 947 2549 p.
972 2463 1013 2526 39
1037 2481 1123 2547 sqq.;
1153 2459 1237 2526 adde
1268 2459 1401 2525 titulum

374 2569 459 2637 OIA.
482 2573 499 2638 I
523 2576 601 2657 319,
629 2576 773 2640 rationes
803 2596 887 2661 quae
918 2579 1068 2661 spectant
1101 2571 1142 2638 ad
1169 2571 1285 2638 aedem
1313 2573 1402 2638 Iovis

373 2683 407 2749 in
434 2683 552 2752 Piraeo
584 2692 783 2752 exstructam
812 2679 974 2773 Ἀρχαιολ.
1004 2681 1102 2774 quu.
1134 2705 1207 2771 περ.
1241 2677 1273 2768 β’
1310 2675 1403 2771 dcte.

372 2799 450 2879 421,
487 2799 732 2886 inscriptionem
770 2797 987 2884 Corcyraeum
1020 2794 1106 2860 ulo.
1139 2791 1236 2877 1838,
1272 2796 1402 2861 titulum

374 2907 575 2976 Hermionae
597 2916 764 2998 repertum
785 2910 833 2975 Le
849 2908 1086 2974 Bas-Foucart
1107 2907 1220 2994 Pelop.
1244 2928 1276 2972 n.
1302 2910 1400 2992 15911,

372 3021 503 3086 titulum
525 3021 744 3088 Troezenium
766 3021 810 3087 ib.
832 3043 864 3086 n.
890 3023 986 3103 157a,
1009 3020 1102 3085 alios.

332 3157 566 3246 Inscriptiones
589 3166 700 3226 autem
722 3159 851 3226 Atticas
873 3159 935 3224 hac
964 3158 1135 3224 occasione
1164 3157 1240 3223 data
1262 3158 1401 3245 diligen-

243 3270 309 3336 tius
338 3277 476 3337 tractare
508 3273 669 3354 omittam,
704 3272 824 3359 quippe
855 3292 938 3358 quae
968 3270 1009 3335 ab
1039 3271 1111 3335 aliis
1134 3270 1212 3335 viris
1236 3277 1333 3357 atque
1360 3273 1400 3338 iis

244 3383 458 3466 doctissimis,
489 3384 678 3466 Boeckhio,
709 3384 865 3465 1111111010,
899 3381 1087 3464 Newtonio,
1118 3381 1316 3470 8011001101)
1349 3385 1399 3449 in-

244 3501 388 3561 structae
412 3496 477 3561 sint
500 3497 740 3562 commentariis
763 3502 830 3560 tam
854 3495 1006 3580 egregiis,
1030 3500 1067 3558 ut
1087 3491 1273 3582 in'reliquis
1296 3497 1399 3563 titulis

244 3608 298 3693 qui
321 3608 363 3674 ad
386 3609 637 3675 architecturam
652 3609 817 3696 pertinent
838 3607 918 3672 mihi
942 3605 1163 3671 desudandum
1190 3613 1223 3672 et
1245 3608 1400 3674 iudicium

244 3722 470 3788 exacuendum
493 3744 567 3788 esse
590 3722 754 3804 videatur,
778 3727 953 3807 antequam
976 3719 1050 3784 illas
1073 3719 1302 3806 inscriptiones
1326 3743 1399 3788 cum

313 3953 333 4022 ¹)
353 3953 472 4008 Boeckh.
491 3953 558 4009 clo.
576 3953 590 4007 Ι
607 3971 635 4022 p.
653 3951 806 4008 261-286.

312 4037 404 4094 Odofr.
428 4039 541 4105 Muller,
566 4038 601 4093 de
622 4037 803 4093 munimentis
825 4037 998 4092 Athenarum
1023 4037 1053 4090 et
1074 4035 1109 4090 de
1129 4035 1214 4091 titulo
1236 4036 1271 4091 de
1291 4037 1398 4093 instau-

241 4123 350 4179 ratione
373 4141 467 4180 eorum
494 4125 596 4195 scripto
619 4123 649 4178 in
678 4126 731 4180 act.
754 4140 807 4178 soc.
836 4139 893 4194 reg.
923 4122 1057 4193 Gotting,
1081 4122 1160 4178 class.
1183 4121 1247 4177 hist.
1275 4125 1305 4178 et
1329 4125 1397 4194 phil.

240 4210 296 4264 vol.
314 4210 389 4264 VIII.
406 4228 434 4280 p.
453 4211 546 4265 1-79.

311 4296 339 4351 C.
359 4296 390 4352 T.
409 4296 542 4365 Newton,
565 4295 646 4352 inser.
667 4313 737 4351 mus.
762 4294 917 4350 Britannici
940 4294 995 4349 vol.
1013 4294 1026 4348 I
1048 4310 1093 4348 no.
1112 4293 1216 4348 XXXV
1240 4313 1266 4364 p.
1284 4296 1397 4352 84—98.

309 4381 445 4436 Rioardus
468 4381 591 4437 Schoene
610 4382 857 4451 ,Bourechnungen
875 4380 923 4434 des
940 4379 1146 4435 Erechtheions‘
1164 4379 1195 4432 in
1212 4379 1330 4436 Hermae
1342 4384 1396 4438 vol.

242 4467 282 4521 IV
300 4487 327 4537 p.
345 4468 455 4521 37-55.

1204 4571 1240 4622 1*
