3310 5254
775 457 1053 526 ..30...

306 641 454 714 subiecta
483 653 568 714 sunt.
611 645 788 716 Lebadeae
817 669 917 738 opera
944 649 1138 718 locabantur
1158 649 1388 741 praesentibus
1412 671 1466 720 ar-

302 760 398 826 bitris
419 761 607 849 publicis1).

390 872 453 938 His
470 874 504 938 in
519 875 709 941 uuiversum
726 876 916 962 praemissis
932 876 998 941 iam
1013 878 1099 942 tituli
1114 877 1319 946 chadensis
1335 886 1467 967 partem

304 986 446 1071 priorem
470 986 659 1073 diligentius
686 989 946 1075 interpretemur.
997 1011 1070 1056 cum
1100 999 1210 1058 autam
1238 1015 1278 1059 ea
1309 1015 1393 1080 quae
1425 992 1469 1057 ad

305 1098 410 1183 ipsam
445 1105 549 1163 artem
581 1099 729 1164 struendi
760 1106 910 1186 spectant
937 1121 957 1164 a
984 1103 1231 1186 quaestionibus
1257 1104 1299 1170 de
1329 1106 1468 1191 negotio

306 1209 562 1275 administrando
585 1212 742 1276 institutis
765 1212 862 1277 nimis
885 1212 1009 1296 absint,
1038 1215 1184 1300 singulas
1205 1237 1288 1301 quse
1312 1218 1345 1282 in
1368 1219 1468 1282 titulo

306 1329 600 1388 commemorantur
615 1329 796 1389 structuras
813 1331 847 1390 et
861 1325 1021 1391 vocabula
1036 1325 1078 1392 ad
1093 1329 1346 1395 architecturam
1369 1351 1468 1418 spec·

307 1436 412 1500 tantia
433 1436 467 1501 in
490 1437 594 1501 altera
616 1438 889 1503 commentatione
913 1439 1135 1524 explicaturus
1159 1463 1241 1508 sum.

732 1697 1039 1708 ——————.-—

863 1927 908 1994 ΙΙ.

558 2098 604 2168 lle
626 2099 722 2170 tituli
742 2098 949 2172 Lobadcnsls
972 2105 1070 2192 parta
1092 2103 1216 2191 priora.

396 2297 449 2376 §1
477 2298 520 2383 (v.
545 2300 652 2381 1-5)
676 2300 784 2386 agitur
810 2301 851 2367 de
874 2303 1022 2389 pecuniis
1046 2324 1126 2390 quas
1154 2308 1320 2367 curatores
1343 2322 1364 2365 a
1392 2299 1472 2366 red-

312 2415 459 2496 emptore
474 2417 508 2476 et
523 2411 564 2476 ab
588 2413 659 2478 eius
675 2412 850 2500 praedibus
874 2415 1022 2486 exacturi
1043 2415 1117 2495 sint,
1139 2415 1174 2479 ni
1195 2415 1291 2478 fallor
1312 2412 1370 2478 ubi
1392 2411 1472 2478 red·

312 2529 440 2610 emptor
468 2544 569 2611 opera
596 2545 678 2610 quae
701 2525 853 2591 faciendo
877 2525 1031 2592 conduxit
1060 2547 1126 2591 non
1152 2525 1338 2613 perfecerit.
1384 2545 1472 2610 quae

311 2657 365 2701 res
388 2657 462 2700 cum
485 2643 671 2724 comparato
694 2639 781 2702 tituli
802 2638 932 2704 Deliaci
954 2639 1025 2705 loco
1049 2660 1078 2704 v.
1097 2643 1116 2703 4
1139 2660 1187 2724 sq.
1210 2630 1271 2704 ἐὰν
1292 2633 1377 2704 δέτι
1397 2639 1401 2718 Ι
1422 2629 1471 2722 μὴ

313 2739 517 2836 dinotet-top,
547 2741 670 2830 ἐξέστω
691 2752 763 2828 τοῖς
789 2741 990 2828 ἐπιστάταις
1016 2747 1074 2816 καὶ
1097 2741 1299 2815 ἆπεκδοῧναι
1320 2742 1362 2813 τὰ
1384 2771 1473 2814 κατα

315 2857 326 2948 [
328 2898 481 2908 -----
504 2855 749 2948 εἷσπραξάντων
771 2859 808 2927 δὲ
831 2860 859 2948 15
882 2857 931 2950 oi]
960 2853 1142 2928 ἐπιστάται
1171 2855 1228 2927 τὸν
1250 2853 1390 2948 ε’ργώνην
1412 2856 1473 2925 καὶ

313 2967 390 3052 τοὺς
418 2964 574 3059 ἐγγυητὰς
600 2959 628 3060 ᾦ
650 2965 690 3037 tto
710 2967 825 3060 τρόπῳ
847 2965 1067 3060 ἒ[πίστωνται
1089 3011 1135 3020 --
1157 2973 1373 3058 intellegitur,
1403 2979 1474 3038 tum

314 3087 511 3173 perspicitur
526 3107 569 3150 ex
590 3085 739 3173 pecuniis
761 3106 844 3171 quac
862 3093 1094 3152 enumerantur
1113 3086 1297 3171 exigendis.
1331 3105 1472 3151 consen-

314 3206 448 3266 taneum
479 3199 566 3264 enim
604 3205 656 3264 est
695 3198 936 3286 redemptorem
975 3201 1030 3287 qui
1061 3221 1142 3288 opus
1184 3206 1372 3287 susceptum
1406 3219 1474 3264 non

315 3312 500 3399 perfecerat
509 3310 535 3395 ²)
559 3316 593 3376 et
613 3310 785 3397 pecuniam
809 3310 836 3375 si
859 3331 955 3398 quom
977 3311 1162 3398 accepisset
1182 3332 1312 3378 omnem
1335 3309 1473 3376 reddere

316 3424 469 3490 debuisse
502 3430 536 3488 et
562 3443 704 3510 poenam
733 3421 810 3488 dare
839 3423 1049 3488 constitutam
1072 3424 1282 3509 —quintam
1311 3422 1473 3509 pecuniae

316 3543 445 3624 partem
468 3530 519 3620 (cd
544 3527 819 3622 dnicepmov³))
844 3572 885 3582 —
909 3541 942 3602 et
963 3534 1109 3621 pendere
1131 3535 1290 3622 pecuniae
1314 3555 1473 3600 summam

388 3711 409 3777 ¹)
428 3707 450 3761 L
469 3713 484 3772 ξ
504 3708 536 3762 17
555 3709 674 3777 atquae
693 3707 835 3762 adnotavi.

388 3797 410 3864 ²)
428 3794 452 3848 D
469 3795 486 3848 2
503 3812 530 3849 v.
548 3795 624 3860 649,
644 3795 666 3848 Τ
684 3813 711 3849 v.
731 3794 840 3848 12-13.

391 3882 411 3950 ⁸)
428 3880 461 3933 ro*
479 3879 694 3952 ἐπὶπεμπτον
712 3881 749 3950 (v.
762 3881 788 3950 1)
806 3880 892 3950 vulgo
911 3877 1051 3950 significat
1068 3880 1160 3933 totum
1178 3895 1240 3933 cnm
1253 3877 1376 3932 eiusdem
1394 3878 1473 3948 parte

317 3966 430 4035 quinta,
456 3967 508 4022 hoc
537 3968 597 4023 loco
626 3969 712 4022 solam
736 3969 846 4039 partem
871 3965 1000 4036 quintam
1027 3981 1111 4036 quae,
1143 3967 1176 4019 ut
1204 3963 1330 4020 infra-v.
1354 3963 1389 4018 38
1414 3981 1472 4032 sqq.

318 4053 448 4119 dimidia,
467 4056 578 4124 praeter
595 4055 686 4125 ipsam
704 4071 839 4109 summam
857 4053 989 4108 solvenda
1007 4055 1057 4106 est.
1079 4053 1121 4106 ita
1138 4051 1169 4106 nd
1187 4051 1347 4105 ἐπιδέκατον
1365 4065 1474 4119 quoque

318 4139 393 4208 quod
411 4141 440 4193 et
456 4139 530 4193 infra
547 4158 573 4197 v.
591 4141 626 4194 ιθ
643 4158 702 4209 sqq.
721 4141 751 4194 et
766 4139 798 4193 in
815 4139 907 4194 titulis
925 4138 1045 4193 Deliacis
1064 4137 1164 4205 (salit
1183 4138 1218 4191 14
1234 4137 1282 4200 a1;
1302 4137 1319 4190 2
1336 4155 1362 4192 v.
1381 4137 1408 4206 ι)
1430 4153 1474 4191 oc-

319 4225 405 4280 currit
423 4225 530 4280 decima
543 4228 586 4280 est
602 4242 667 4295 pars
683 4224 768 4296 pretii
786 4242 842 4294 quo
854 4241 923 4295 opus
936 4223 1137 4279 conficiendum
1148 4221 1244 4277 licitus
1256 4223 1299 4276 est
1310 4221 1474 4292 redemptor.

319 4313 351 4368 cf.
370 4313 501 4382 Harpocr.
528 4313 582 4368 lex.
604 4331 630 4383 p.
654 4314 717 4378 122,
743 4314 777 4367 10
799 4313 840 4367 ed.
862 4311 957 4366 Dind:
988 4307 1172 4364 Ἐπιδέκαιον·
1199 4310 1231 4363 τι
1248 4308 1364 4362 δέκατον
1382 4305 1476 4366 Ἰσαῖος

319 4400 349 4454 ἐν
367 4403 406 4472 rqi
417 4395 475 4453 κατ’
489 4395 662 4472 Ἐιπαγόρου.
685 4396 732 4451 καὶ
749 4397 920 4468 ἐπίπεμπιον
938 4395 1053 4451 εἰώθασι
1070 4397 1160 4464 λέγειν
1177 4394 1209 4448 td
1225 4395 1359 4465 πέμπτον,
1379 4393 1414 4452 cis
1430 4390 1476 4446 καὶ

320 4483 433 4547 Εὔπολις
458 4481 610 4557 Aristaeno.
634 4486 668 4543 cf.
691 4504 719 4556 p.
747 4485 810 4551 128,
832 4486 862 4540 5:
890 4483 1073 4554 ἐπίπεμπιον·
1097 4481 1201 4542 Λυσίας
1224 4511 1238 4521 -
1254 4511 1268 4520 -
1292 4478 1338 4534 καὶ
1364 4479 1476 4534 Πλάτων
