3310 5254
752 465 965 532 -60-

276 645 478 743 nsprurq'pror,
499 653 586 721 unde
602 656 820 744 perspicimus
842 655 970 744 lapides
988 655 1106 742 quibus
1123 653 1214 722 aedis
1238 653 1442 721 stereobates

276 773 384 832 tectus
408 773 481 833 erat
503 767 807 857 (καταστρωτῆρας)
823 769 956 833 libellae
973 789 1035 854 ope
1051 766 1286 833 examinandos
1303 773 1336 834 et
1352 789 1442 833 eom·

277 879 459 965 placandos
481 881 583 946 fuisse
616 873 686 947 ἀπὸ
717 882 777 971 τῆς
798 873 1007 968 ὑπαρχούσης
1029 876 1232 968 περιτενείας
1252 880 1317 945 τῶν
1338 903 1443 945 κατα-

276 985 469 1080 στρωτήρων
491 993 512 1060 i.
535 1014 564 1058 e.
587 993 664 1058 inde
688 1014 707 1058 a
730 999 820 1058 certa
834 993 1014 1079 pavimenti
1029 999 1123 1079 parte
1145 993 1211 1057 iarn
1235 994 1442 1078 complanata

144 1153 152 1162 .
277 1125 342 1191 qua
373 1103 591 1184 indicabatur,
627 1127 691 1192 quo
721 1105 817 1171 modo
848 1110 918 1170 tota
950 1105 1095 1193 lapidum
1126 1106 1317 1192 superficies
1351 1110 1442 1170 esset

276 1216 479 1302 laeviganda.
526 1217 729 1303 singulorum
752 1217 897 1305 lapidum
914 1217 1103 1304 superficies
1119 1217 1218 1283 hodie
1242 1239 1370 1303 quoque
1393 1217 1464 1286 ita.

279 1329 480 1416 complanari
509 1330 607 1412 solet,
638 1337 674 1394 ut
705 1331 846 1417 primum
872 1330 1038 1415 margines
1068 1330 1289 1415 laevigantur,
1319 1329 1448 1414 marga>

277 1442 374 1507 nibus
396 1442 569 1528 laevigatis
593 1442 719 1527 reliqua
740 1441 859 1528 lapidis
880 1442 1070 1528 superficies
1092 1440 1185 1526 quasi
1203 1440 1441 1506 circumtende-

277 1559 347 1636 tur,
370 1553 457 1619 unde
481 1554 646 1640 margines
669 1555 852 1640 laevigatus
874 1550 1074 1640 περιτένειαν
1097 1559 1230 1618 vocatos
1254 1574 1328 1618 esse
1350 1559 1441 1640 puto.

279 1687 416 1752 cumque
439 1667 623 1751 marginum
644 1668 816 1753 planorum
839 1687 901 1753 ope
924 1665 1122 1752 totalapidis
1135 1665 1327 1752 superficies
1343 1666 1442 1752 plana

277 1777 485 1860 redderetur,
523 1777 721 1864 quadratarii
748 1785 877 1844 veteres
914 1774 1116 1865 περιτένειαν
1145 1776 1308 1842 vocabant
1341 1778 1441 1842 etiam

279 1911 352 1956 cam
380 1896 508 1976 partem
535 1891 733 1976 laevigatam
761 1891 831 1956 sive
854 1891 992 1956 alicuius
1020 1889 1139 1977 lapidis
1163 1890 1232 1954 sive
1256 1894 1440 1954 structuras

278 2023 342 2087 qua
364 2001 405 2066 ad
427 2003 638 2088 laevigandas
663 2009 789 2068 ceteras
812 2008 923 2088 partes
944 2002 1038 2066 initio
1062 2008 1095 2068 et
1123 2001 1216 2087 quasi
1245 2001 1440 2066 documento

277 2120 445 2180 uterentur
474 2114 624 2196 (,Lehre‘
652 2115 772 2180 nostris
801 2115 989 2180 architectis
1012 2112 1126 2199 audit).
1171 2118 1299 2178 constat
1329 2117 1440 2178 cutem

278 2225 422 2290 artifices
446 2224 591 2292 Graecos
623 2248 689 2292 non
717 2227 899 2312 conligasse
922 2225 1048 2312 lapides
1073 2225 1161 2290 omni
1184 2245 1227 2290 ex
1249 2231 1342 2310 parte
1364 2246 1440 2312 per·

277 2336 382 2403 lectos
412 2342 445 2403 et
473 2339 508 2402 in
538 2340 703 2405 exteriore
732 2339 817 2405 facie
840 2339 1037 2424 laevigatos,
1074 2336 1132 2402 sed
1161 2342 1340 2402 structuras
1372 2342 1442 2402 tum

278 2449 409 2515 demum
431 2451 646 2537 perpoliendo
669 2451 861 2533 absolvisse,
886 2472 959 2515 cum
981 2455 1085 2514 totum
1105 2448 1290 2514 aedificium
1313 2454 1441 2513 exstru-

280 2566 367 2628 ctum
397 2569 486 2628 esset
509 2563 565 2650 (ci.
588 2565 627 2630 R.
653 2563 781 2630 Sohdne
806 2563 839 2627 in
862 2562 1007 2627 Hermae
1031 2562 1095 2627 vol.
1116 2560 1166 2625 IV
1188 2582 1220 2646 p.
1245 2559 1311 2646 39).
1357 2582 1441 2646 quae

279 2695 333 2740 res
356 2674 508 2740 nimirum
530 2676 602 2740 fieri
624 2676 781 2762 nequibat
802 2675 866 2740 nisi
885 2676 1028 2760 politura
1057 2673 1155 2738 certis
1185 2673 1267 2738 locis
1288 2672 1441 2738 indicata.

279 2806 377 2871 quem
398 2793 548 2852 veterum
563 2809 659 2853 usum
675 2809 854 2874 cognoscas
879 2792 912 2852 et
935 2807 978 2852 ex
992 2784 1235 2872 Hecatompedi
1252 2784 1308 2870 qui
1323 2783 1443 2849 dicitur

279 2898 426 2984 reliquiis
451 2898 505 2982 (cf.
528 2898 711 2982 Michaelis,
734 2899 923 2966 Parthenon
946 2921 977 2986 p.
996 2903 1056 2964 119
1080 2898 1121 2963 ad
1144 2897 1209 2964 tab.
1232 2896 1319 2982 112)
1342 2901 1442 2962 etex

279 3009 537 3096 Propylaeorum
557 3010 741 3093 ruderibus,
765 3011 850 3096 quod
873 3016 1046 3097 utrumque
1070 3010 1253 3075 aedificium
1276 3029 1442 3094 nunquam

280 3120 322 3186 ad
345 3127 526 3186 extremam
541 3122 775 3208 perfectionem
788 3122 963 3188 adductum
986 3128 1046 3188 est.
1070 3123 1134 3187 iam
1149 3142 1244 3208 spero
1259 3127 1291 3186 te
1311 3121 1442 3186 intelle·

280 3254 374 3319 gere,
405 3254 463 3299 cur
490 3233 641 3298 dicantur
669 3233 797 3320 lapides
826 3235 1006 3321 pavimenti
1034 3233 1181 3298 adhibita
1206 3232 1322 3297 libelle
1352 3253 1441 3298 eom-

279 3345 435 3432 planandi
459 3366 533 3412 esse
556 3337 626 3412 ἀπὸ
649 3346 708 3435 τῆς
724 3338 934 3434 ὑπαρχούσης
948 3339 1159 3431 περιτενείας.
1183 3343 1298 3410 eadem
1313 3344 1440 3410 ratione

279 3452 338 3546 τὴν
359 3455 560 3543 περιτένειαν
581 3453 641 3547 τὴν
663 3459 824 3525 δοθεῖσαν
846 3457 890 3543 (v.
902 3458 958 3544 69)
982 3479 1080 3545 supra
1103 3457 1267 3545 explicavi
1290 3480 1321 3545 p.
1340 3460 1381 3522 46
1395 3479 1440 3544 sq.

367 3570 408 3637 V.
427 3574 483 3636 70:
506 3564 553 3637 τὰ
576 3568 731 3654 δέματα
756 3565 803 3636 τὰ
825 3563 1056 3656 ὑπάρχοντα
1084 3567 1123 3636 ἐν
1145 3572 1237 3648 ταῖς
1259 3562 1440 3657 στήλαις.

279 3682 320 3748 de
344 3683 483 3749 vinculis
515 3703 613 3768 supra
645 3681 778 3768 copiose
801 3681 1037 3768 disputavimus
1059 3704 1091 3768 p.
1115 3685 1156 3746 47
1181 3704 1228 3769 sq.
1252 3678 1378 3764 δέματα
1402 3701 1442 3746 ea

281 3801 357 3860 sunt
372 3795 502 3861 vincula
526 3815 607 3880 quae
624 3793 918 3876 nos',Klammem‘
934 3814 1089 3858 vocamus
1113 3791 1182 3880 (fig.
1197 3796 1227 3876 fi,
1244 3813 1274 3876 a,
1291 3791 1333 3877 o),
1358 3812 1440 3877 quae

280 3907 475 3993 significatio
492 3912 599 3993 etymo
615 3903 701 3972 bene
718 3904 886 3980 convenit;
908 3898 1032 3992 γόμφοι
1048 3926 1131 3990 quae
1156 3904 1288 3985 ,Diibel,
1304 3903 1441 3990 Zapien‘

278 4019 481 4106 appellamus
519 4015 577 4104 (ib.
608 4015 656 4102 b).
693 4016 762 4082 dciv
791 4015 927 4083 verbum
961 4036 1024 4102 quo
1059 4014 1246 4080 huiusmodi
1277 4015 1443 4082 vinciendi

278 4131 362 4197 ratio
387 4129 588 4216 significetur
611 4135 644 4196 et
666 4130 707 4194 ab
730 4129 953 4216 inscriptionis
977 4133 1110 4194 auctore
1133 4125 1199 4214 (vv.
1222 4129 1361 4211 80-81,
1384 4126 1441 4215 84)

281 4249 314 4310 et
336 4264 357 4308 a
380 4242 593 4328 scriptoribus
616 4240 671 4326 (ci.
686 4241 848 4307 Herodoti
872 4245 905 4307 et
925 4236 1125 4325 Thucydidis
1141 4240 1232 4304 locos
1254 4261 1336 4324 quos
1359 4240 1444 4306 infra

278 4355 427 4441 afferam)
460 4351 548 4420 haud
575 4375 648 4420 raro
687 4354 870 4420 adhibetur.
921 4374 980 4440 pro
1010 4347 1095 4436 δέμα
1122 4350 1224 4416 Attici
1246 4372 1326 4417 voce
1357 4373 1441 4438 quae

280 4473 331 4534 est
364 4461 484 4551 δεσμός
517 4473 665 4534 utuntur:
704 4467 745 4535 cf.
775 4464 861 4531 OIA.
897 4464 915 4528 I
955 4467 1017 4531 319
1053 4464 1072 4543 ἓ
1101 4468 1135 4529 4:
1173 4456 1337 4548 μόλυβδος
1372 4465 1443 4542 τοῖς
