3310 5254
730 457 941 518 -23ffl

264 649 409 708 creatum
430 636 503 727 (τὸν
520 635 728 730 ἀρχιτέκτονα
744 640 802 712 τὸν
822 643 1119 734 κεχειροτονημένον
1134 639 1201 713 ὑπὸ
1217 647 1276 712 τοῦ
1295 641 1417 735 δήμου)

264 762 431 822 curatores
466 779 510 823 ex
541 759 616 842 lege
648 759 718 825 iure
747 759 883 824 iurando
913 759 1065 845 obligati,
1095 781 1229 825 numero
1259 759 1294 824 ni
1322 759 1418 825 fallor

262 875 329 934 tres
339 867 366 956 ¹)
380 869 539 955 praefecti
556 875 641 935 sunt.
672 891 773 957 opere
787 870 827 935 ab
844 871 1021 937 architecto
1038 872 1072 936 in
1088 871 1203 936 decem
1213 869 1417 958 portionesl)

262 980 367 1046 divisa
400 1003 420 1046 a
450 982 570 1068 poletis
609 988 642 1047 et
681 983 848 1068 praelecto
882 984 999 1048 aerarii
1035 985 1089 1048 vel
1129 983 1418 1049 administrationis

263 1094 325 1181 (τῷ
353 1091 411 1160 ἐπὶ
440 1095 481 1183 τῇ
507 1073 683 1183 decentiora)
711 1095 808 1160 certis
838 1095 987 1182 pretiis³)
1020 1095 1283 1181 redemptoribus
1311 1095 1419 1162 locata

264 1212 350 1273 sunt.
383 1207 555 1271 locationis
569 1207 662 1292 leges
677 1228 698 1271 a
712 1207 916 1273 curatoribus
934 1214 967 1273 et
981 1208 1160 1274 architecto
1183 1229 1244 1296 per
1262 1208 1420 1296 populum
1446 1237 1448 1242 ·

265 1324 374 1384 creato
400 1319 618 1405 perscriptae,
655 1318 812 1384 subiectis
841 1326 875 1384 et
901 1317 1143 1406 redemptorum
1171 1320 1357 1386 nominibus
1387 1326 1420 1386 et

263 1431 377 1516 pretiis
407 1430 525 1516 quibus
555 1452 656 1517 opera
682 1431 832 1496 facienda
867 1433 949 1496 liciti
972 1438 1079 1514 erent,
1107 1433 1140 1496 in
1169 1433 1283 1498 eadem
1310 1433 1421 1498 tabula

264 1563 446 1608 marmorea
467 1543 501 1607 in
531 1564 594 1628 qua
623 1543 789 1608 decretum
821 1550 952 1609 senatus
982 1550 1015 1610 et
1035 1546 1149 1631 populi
1172 1546 1327 1632 scriptum
1351 1551 1421 1610 erat

264 1655 387 1721 incisae
411 1655 533 1742 sunt4).
578 1662 744 1721 curatores
767 1657 924 1722 materiae
946 1662 1073 1743 partem
1096 1678 1192 1743 quam
1214 1679 1267 1724 res
1291 1657 1423 1745 publica

265 1765 513 1855 suppeditatura
541 1773 611 1833 erat
645 1765 906 1854 redemptoribus
941 1769 1033 1833 iuxta
1070 1790 1143 1835 eam
1175 1770 1258 1835 muri
1295 1777 1423 1858 partem

265 1901 361 1967 quam
392 1881 529 1967 quisque
561 1880 793 1946 conficiendam
822 1881 1023 1947 conduxerat
1050 1882 1179 1947 tradere
1208 1882 1375 1949 debebant
1384 1881 1421 1969 ὅ).

263 1994 423 2079 reliquam
461 1992 630 2057 materiam
668 1993 893 2079 redemptores
930 1994 995 2080 ipsi
1032 1993 1236 2081 praebebant
1246 1993 1283 2081 ⁶).
1345 2016 1421 2060 con-

266 2111 458 2171 sentaneum
488 2110 597 2169 autem
627 2110 692 2186 est,
725 2125 920 2190 quamquam
946 2105 979 2170 id
1003 2127 1069 2170 non
1097 2106 1252 2188 traditur,
1287 2128 1423 2193 operum

265 2217 493 2306 probationem
523 2237 566 2282 ex
594 2222 779 2281 curatorum
807 2223 842 2282 et
869 2218 1038 2284 architecti
1068 2218 1183 2284 officiis
1212 2219 1325 2285 fuisse.
1370 2242 1423 2286 re·

267 2331 491 2417 demptoribus
507 2331 646 2417 praedes
663 2330 787 2396 dandos
809 2330 945 2416 fuissel)
971 2338 1004 2396 et
1027 2352 1162 2418 operum
1185 2353 1268 2418 quae
1284 2333 1422 2419 quisque

268 2442 479 2510 conduxisset
507 2450 618 2531 partes
654 2449 761 2509 certas
797 2443 934 2528 singulis
965 2444 1058 2508 annis
1067 2442 1093 2530 ⁸)
1128 2442 1342 2530 perficiendas
1380 2468 1424 2511 ex

266 2558 379 2644 paucis
403 2577 487 2644 quae
513 2557 548 2621 in
570 2557 664 2622 titulo
687 2554 782 2621 valde
813 2557 969 2620 lacunoso
996 2557 1125 2622 restitui
1152 2563 1291 2644 possunt
1312 2558 1422 2624 verbis

268 2671 423 2755 colligere
445 2670 532 2734 licet.
1421 2657 1424 2664 ’

353 2781 434 2848 Inde
451 2780 617 2847 esaeculo
641 2801 668 2845 a.
687 2778 762 2845 Ohr.
778 2801 809 2845 n.
834 2781 931 2846 tertio
955 2781 989 2845 in
1010 2781 1293 2847 aedificationibus
1315 2781 1423 2869 publi-

268 2897 316 2963 cis
344 2901 435 2961 certa
462 2900 496 2960 et
531 2893 680 2960 elocandi
713 2898 746 2958 et
773 2891 1021 2958 administrandi
1050 2895 1132 2960 ratio
1163 2895 1249 2981 apud
1278 2893 1423 2960 Graecos

265 3009 301 3074 in
323 3029 386 3073 usu
408 3007 571 3074 communi
594 3007 697 3072 fuisse
719 3005 857 3073 ridetur.
904 3006 967 3072 duo
992 3008 1079 3072 enim
1102 3007 1190 3072 tituli
1213 3014 1246 3072 et
1269 3008 1422 3095 amplitu-

338 3199 357 3266 ¹)
376 3196 410 3252 cf.
427 3213 472 3254 vv.
489 3195 610 3260 35—363
633 3194 747 3250 nomina
769 3196 928 3249 curatorum
949 3193 1059 3265 legibus
1080 3195 1228 3250 locationis
1251 3195 1424 3266 praescripta

265 3283 350 3338 fuisse
376 3285 592 3338 consentaneum
618 3283 668 3336 est.
712 3298 774 3336 cum
797 3280 957 3335 nominibus
980 3280 1097 3352 singulis
1122 3284 1234 3352 praeter
1255 3282 1423 3337 demoticum

266 3369 354 3440 petris
372 3385 473 3423 nomen
498 3367 626 3422 additum
648 3367 733 3422 fuisse
750 3367 891 3434 videatur,
912 3366 998 3421 trium
1025 3369 1182 3422 curatorum
1205 3367 1318 3423 nomina
1335 3366 1424 3423 incisa

265 3457 350 3512 fuisse
367 3458 449 3527 puto:
475 3454 703 3526 [dumnotinae
724 3456 773 3508 rori
790 3454 869 3509 δεῖνα
886 3483 901 3494 ·
911 3455 1029 3525 -]κλέοος
1044 3454 1073 3508 ἐκ
1092 3454 1188 3523 Κηδῶν
1205 3453 1251 3508 καὶ
1265 3451 1424 3508 Ἀοτολύκον

267 3545 327 3614 [τοῦ
345 3543 422 3598 δεῖνα
440 3573 454 3582 -
471 3571 485 3582 -
503 3540 550 3595 καὶ
567 3541 645 3596 tertii
661 3541 815 3610 curatoris],
834 3541 861 3594 ot
871 3539 994 3608 πωληταί
1014 3541 1068 3594 κτλ.
1087 3569 1102 3580 ·
1119 3540 1204 3595 verba
1220 3557 1245 3595 v.
1264 3541 1299 3594 23
1316 3558 1334 3595 a
1351 3541 1423 3596 Mul-

266 3632 324 3686 lero
337 3630 449 3701 egregie
461 3628 593 3683 restituta
611 3625 693 3701 δ’[ρκῳ
710 3627 880 3698 πι]σ[τῶ]οαι
896 3627 927 3681 ἐν
943 3628 977 3696 τῇ
994 3626 1111 3696 [β]οολ[ᾖ
1127 3625 1208 3696 flaui
1228 3625 1286 3696 [τόν
1303 3626 1422 3698 ν]ο’μ[ον]

266 3717 301 3772 ad
321 3718 460 3772 curatores
478 3713 635 3768 rettulerim
653 3713 754 3768 colluto
772 3713 833 3767 loco
851 3712 930 3766 tituli
948 3710 1115 3766 Lebadensis
1129 3730 1155 3781 q.
1173 3711 1192 3767 l.
1207 3730 1233 3765 v.
1244 3712 1287 3767 43.
1317 3713 1423 3767 redem-

265 3805 359 3873 ptores
376 3800 572 3856 iureiurando
591 3799 738 3854 obstrictos
755 3799 838 3853 fuisse
856 3815 912 3853 non
923 3800 1002 3868 puto.

336 3891 358 3958 ²)
377 3889 444 3942 δέκα
460 3889 532 3961 μέρη
549 3905 575 3941 v.
595 3887 610 3940 7
629 3885 661 3940 cf.
679 3903 706 3941 v.
725 3885 776 3939 120
793 3902 853 3954 sqq.

338 3977 359 4044 ⁸)
379 3974 412 4030 cf.
430 3991 455 4029 v.
474 3973 508 4028 35
527 3990 565 4042 sq.
586 3974 615 4026 ct
631 3989 657 4027 r.
677 3971 729 4025 120
746 3988 806 4040 sqq.

339 4061 359 4130 ⁴)
379 4060 411 4116 cf.
430 4060 535 4116 Kbhler
559 4060 590 4113 in
613 4058 676 4112 adn.
699 4057 736 4111 ad
760 4056 971 4127 inscriptionem
994 4055 1061 4110 CIA.
1084 4055 1112 4108 Π
1132 4073 1159 4125 p.
1178 4055 1218 4110 71.
1253 4074 1278 4111 v.
1301 4055 1335 4108 32
1359 4055 1424 4110 scri·

266 4148 390 4203 bendum
410 4163 469 4202 esse
486 4145 600 4200 videtur
617 4143 665 4204 uic
682 4143 855 4216 σογγραφιὶς]
876 4141 907 4202 ἃς
925 4139 960 4194 ἄν
978 4142 1178 4210 εἰςενέγνωσιν,·
1196 4141 1229 4196 cf.
1246 4158 1271 4196 v.
1291 4143 1348 4197 108.

337 4234 359 4302 ⁸)
378 4233 411 4288 ol'.
429 4252 455 4288 v.
474 4234 516 4298 26,
535 4233 593 4287 111.

338 4320 515 4389 bmuffl

337 4407 359 4475 ⁷)
378 4407 410 4460 cf.
429 4421 455 4460 v,
475 4405 532 4460 112.

250 4486 253 4508 ¹
340 4492 361 4563 ⁸)
379 4490 413 4549 cf.
429 4509 456 4545 v.
476 4489 527 4546 105
544 4507 583 4562 sq.
602 4491 631 4544 et
650 4505 673 4544 τ.
693 4487 734 4545 14.
