3310 5254
771 459 984 520 ..34-

290 644 425 730 plumbo
453 645 650 710 circumfuso
682 645 768 710 inter
800 667 835 710 se
864 651 897 710 et
925 666 998 709 cum
1031 643 1331 709 substructionibus
1369 637 1468 724 ligati

292 733 491 836 fuerint-ex
514 757 721 842 paucissimis
744 756 852 821 verbis
876 777 959 841 quae
983 756 1023 821 de
1047 778 1087 821 ea
1109 778 1144 822 re
1162 777 1192 820 v.
1207 759 1267 819 170
1293 774 1367 839 sqq.
1383 753 1468 815 fiunt
1494 763 1497 769 '

294 869 436 953 perspici
452 889 518 933 nou
532 875 651 954 potest.
674 865 803 952 δέμασι,
825 869 925 947 ansis,
944 875 1164 933 cratcutarum
1178 867 1307 953 lapides
1322 867 1467 930 fortasse

295 979 382 1043 inter
404 999 440 1044 se
464 979 565 1044 iuncti
588 987 690 1060 crant,
713 975 864 1066 γόμφοις,
888 980 1027 1044 vinculis
1050 979 1168 1065 planis,
1191 976 1469 1063 καταστρωτῆρες

295 1112 369 1156 cum
394 1091 553 1156 subiectis
575 1092 730 1155 crateutis
754 1092 921 1175 conligati.
952 1099 1084 1177 praeter
1105 1085 1253 1177 γόμφους
1275 1097 1311 1154 et
1335 1085 1469 1170 δέματα

295 1224 378 1288 quae
390 1202 554 1288 lapidibus
570 1203 616 1266 ita
629 1203 726 1266 facile
744 1203 875 1266 immitti
890 1208 1077 1288 potuerunt,
1095 1210 1131 1266 ut
1147 1202 1180 1266 in
1196 1201 1280 1265 facie
1293 1199 1469 1265 exteriore

296 1336 360 1378 non
375 1320 583 1399 apparerent,
597 1313 762 1380 πελεκῐνοι
774 1333 902 1398 quoque
919 1314 1146 1394 (securiculae,
1171 1312 1210 1376 cf.
1226 1312 1393 1376 Bliimner
1409 1310 1432 1376 l.
1444 1311 1466 1373 l.

298 1448 329 1513 p.
355 1427 431 1509 306)
455 1425 517 1490 hoc
540 1426 611 1490 loco
626 1431 921 1490 commemorentur
944 1426 1061 1509 quibus
1084 1423 1210 1510 lapides
1234 1425 1268 1488 in
1286 1422 1469 1509 superficie

297 1537 333 1602 ni
356 1537 452 1602 fallor
475 1538 632 1622 conligari
652 1538 810 1602 solebant.
842 1537 997 1622 inspicias
1020 1536 1206 1602 huiusmodi
1223 1537 1358 1600 vincula
1380 1554 1468 1619 quae

298 1650 332 1714 in
355 1649 637 1714 aedificationibus
653 1649 795 1733 antiquis
816 1656 948 1734 reperta
964 1654 1040 1713 sunt
1055 1648 1220 1713 delineata
1243 1648 1284 1712 ab
1297 1647 1469 1724 Hausero,

298 1760 431 1824 Unters.
454 1759 513 1824 auf
529 1759 689 1823 Samothr.
706 1759 770 1823 vol.
793 1758 828 1821 II
850 1759 916 1823 tab.
939 1759 1019 1824 LIX
1041 1760 1093 1844 fig.
1110 1762 1141 1840 6,
1163 1759 1211 1824 Le
1228 1759 1305 1840 Bas,
1322 1759 1469 1842 Voyage

299 1872 401 1952 arob,
435 1870 681 1950 Architecture,
715 1870 960 1957 Peloponndse‚
988 1872 1100 1957 templ.
1135 1871 1262 1935 Dianae
1296 1869 1468 1955 Laphriae

300 1983 487 2048 Messeniae
511 1982 578 2047 tab.
601 1985 630 2045 2.
654 1983 763 2066 itaque
787 1982 985 2046 securiculas
1008 1982 1172 2068 lapidibus
1195 1982 1337 2046 insertas
1362 1981 1468 2044 fuisse

299 2095 482 2182 putaverim
495 2095 528 2158 in
542 2094 728 2180 superficiei
741 2095 886 2178 margine
900 2095 1019 2174 antico,
1031 2095 1088 2158 ubi
1101 2095 1231 2158 vincula
1240 2095 1469 2158 columnarum

304 2206 518 2294 plinthidibus
543 2206 598 2292 (cl.
622 2208 677 2291 fig.
704 2209 735 2284 ll
764 2207 833 2271 sive
860 2207 933 2270 eliis
962 2207 1136 2271 structuris
1164 2206 1275 2290 obtegi
1297 2209 1466 2292 poterant.

387 2318 430 2384 V.
455 2320 530 2382 173:
566 2323 649 2382 extr.
674 2316 881 2382 Cumanudes
906 2319 1082 2404 supplevit:
1113 2312 1178 2382 ἐὰν
1206 2315 1251 2382 δέ
1275 2341 1313 2384 τι
1345 2339 1470 2382 κατα·

299 2424 482 2518 κλείση[ι,
506 2423 648 2516 mdical!
666 2451 706 2494 τε
727 2426 767 2508 ἐξ
780 2421 900 2517 ἀρχῆς
915 2421 1014 2513 ὅροις
1031 2423 1204 2517 ποιήσει.
1234 2429 1274 2493 cf.
1290 2429 1468 2493 Platonem

301 2542 334 2605 in
364 2542 492 2625 legibus
525 2541 570 2626 (p.
595 2544 654 2605 921
679 2539 723 2625 A)
754 2540 930 2605 dicentem:
965 2534 1005 2604 ύῖν
1031 2535 1072 2627 (λη’
1099 2563 1150 2618 τις
1180 2539 1384 2626 δημιουργῶν
1420 2534 1469 2616 εἰς

300 2647 413 2738 χρόνον
435 2647 600 2740 εἰρημένον
621 2646 713 2737 ἔργον
733 2645 779 2738 μὴ
803 2643 985 2738 ἀποτελέσῃ
1008 2645 1065 2716 διὰ
1083 2647 1185 2736 κάκην
1208 2689 1224 2698 -
1246 2688 1263 2699 -
1284 2646 1343 2740 τὴν
1365 2646 1467 2738 τιμὴν

300 2766 365 2829 τῶν
395 2758 495 2849 ἔργων
522 2755 680 2850 ὀφειλέτω
708 2750 752 2828 ὧν
778 2756 818 2827 ἂν
843 2757 900 2827 τὸν
929 2757 1065 2828 ἐκδύντα
1088 2759 1251 2848 ψεύσηται
1277 2761 1334 2828 καὶ
1361 2758 1467 2828 πάλιν

302 2873 338 2956 ἒξ
360 2868 461 2962 ἀρχῆς
482 2872 516 2939 ἑν
536 2875 584 2960 τῷ
606 2871 738 2960 ῥηθέντι
761 2867 863 2958 χρόνῳ
885 2875 1010 2958 προῖκα
1033 2871 1265 2958 ἐξεργαζέσθω.

387 2986 427 3052 V.
454 2989 524 3050 185.
548 2980 915 3071 διοκολαιττηρίζων
939 2985 978 3050 cf.
1001 3007 1033 3070 p.
1058 2989 1108 3049 71.
1143 2986 1270 3071 lapides
1293 2993 1368 3051 ante
1393 2979 1465 3052 ύιιεὸ

302 3098 511 3185 κολαπτῆρος
532 3097 736 3177 delabantur,
760 3118 855 3182 quem
879 3098 1123 3182 laevigarentur
1145 3089 1215 3162 ἀπὸ
1238 3095 1357 3177 ξοΐύος.

390 3210 431 3274 V.
449 3212 509 3274 186
533 3230 616 3294 sqq:
640 3202 964 3294 διαβητιζόμενος
985 3203 1082 3274 κατὰ
1104 3205 1275 3298 κεφαλὴν
1297 3202 1374 3276 ἀπὸ
1396 3211 1467 3298 τῆς

303 3315 573 3409 ύ[ιτοιρχού]σης
594 3316 838 3406 περιτενείας
858 3321 932 3385 τῶν
954 3317 1298 3410 κατοιστρωτήρων,
1325 3317 1467 3406 κύβους

303 3426 731 3520 κατοισκεο[ασύμε]νος
750 3428 869 3512 ξύλων
891 3432 1012 3520 ξηρῶν
1038 3425 1299 3519 ἇγριελοιΐνων.
1324 3435 1363 3499 cl.
1379 3455 1465 3519 quae

304 3547 541 3632 disputavimus
566 3545 605 3610 de
638 3545 700 3610 hoc
731 3547 802 3609 loco
827 3567 925 3631 supra
951 3568 983 3631 p.
1007 3548 1048 3610 60
1071 3546 1122 3611 ad.
1148 3567 1177 3609 v.
1193 3549 1244 3610 68.
1289 3540 1384 3631 κύβοι
1413 3548 1466 3610 cui

305 3657 426 3722 fuerint
448 3659 523 3722 usui
545 3657 648 3720 Wilh.
671 3656 852 3743 Doerpfcld
874 3657 1072 3722 architectus
1096 3679 1148 3721 me
1172 3659 1344 3723 certiorem
1371 3657 1464 3722 lecit:

305 3770 387 3834 duos
411 3770 512 3834 cubos
536 3768 690 3853 aequales
717 3769 751 3831 in
778 3768 921 3853 lapidum
948 3775 1041 3854 parte
1066 3770 1272 3855 complanata
1292 3769 1340 3832 ita
1363 3768 1464 3832 fuisse

306 3880 542 3966 disponendos,
565 3885 601 3944 ut
624 3879 877 3965 superimposita
904 3879 951 3943 eis
980 3881 1189 3964 regniacum
1215 3881 1327 3944 libella
1353 3887 1466 3965 posset

307 3993 505 4072 examinare,
529 3997 686 4076 quantum
701 3991 742 4056 dc
759 3997 851 4076 parte
875 4011 993 4075 aspera
1016 3990 1193 4076 sculpendo
1216 3995 1250 4055 et
1271 3991 1465 4076 laevigando

307 4103 503 4169 demendum
527 4108 625 4168 esset.
649 4102 690 4166 cf.
712 4102 766 4186 fig.
790 4107 820 4166 4.

736 4391 1039 4426 ,ἤκμ-
