3310 5254
742 429 933 488 ..6.-

224 635 248 673 ιο
261 607 347 696 χμάς
358 609 464 694 πέντε,
479 607 577 692 ὅσους
588 607 628 680 ἀν
638 609 793 702 παρίσχῃ,
806 614 871 679 τῶν
883 611 920 681 δέ
930 609 1130 701 γραμμάτων

258 725 318 812 τῆς
328 719 537 811 έγκολάψεως
547 723 604 791 καί
618 724 700 815 [τῆς]
714 721 895 812 ε’γκαόσεως
905 727 1052 816 στατῆρα
1063 725 1120 792 καί

259 831 437 923 τριώβολον
446 838 511 903 τῶν
520 834 634 920 χιλίων
644 833 853 926 γραμμάτων.
877 840 922 922 (3)
938 836 1071 925 έργᾶται
1084 837 1121 905 δέ
1134 859 1226 905 συνε-

259 950 324 1030 χῶς
333 943 417 1032 μετὰ
428 943 466 1015 τό
478 943 537 1038 τῆν
549 943 641 1016 δόσιν
652 950 765 1035 λαβεῖν
777 946 867 1029 έντὸς
878 943 1006 1039 ῆμεριόν
1019 948 1107 1032 δέκα,

261 1059 394 1147 ἐνεργῶν
403 1056 564 1142 τεχνίταις
576 1057 701 1141 ἱκανοῖς
709 1057 795 1128 κατὰ
806 1057 865 1152 τῆν
876 1061 1015 1151 τ(έχ]νῃν
1025 1058 1071 1152 μῆ
1086 1058 1120 1129 έ-

224 1197 248 1235 15
261 1174 379 1240 λαττον
390 1167 413 1261 ἢ
424 1172 531 1238 πέντε.
555 1171 603 1260 (4)
619 1168 676 1238 έάν
688 1171 766 1239 δέτι
777 1169 823 1262 μὴ
837 1169 1001 1262 πείθηται
1011 1173 1077 1240 τῶν
1086 1169 1171 1240 κατὰ
1182 1169 1242 1264 τῆν

262 1279 449 1374 συγγραφὴν
460 1286 686 1372 γεγραμμένων
698 1279 721 1374 ῆ
730 1287 930 1367 κακοτεχνῶν
940 1311 974 1352 τι
986 1283 1149 1374 ἐξελέγχῃ-

261 1422 327 1479 ται,
341 1392 589 1487 ζημιωθήσεται
601 1390 668 1464 ὓπὸ
677 1396 742 1464 τῶν
753 1398 921 1468 ναοποιῶν
931 1391 1008 1466 καθ’
1025 1394 1045 1468 δ’
1052 1424 1085 1466 τι
1097 1393 1136 1465 ἀν
1149 1394 1269 1488 φαίνῃ-

262 1535 318 1576 ται
330 1504 423 1591 ἀξιος
433 1501 518 1576 εἶναι
528 1505 574 1598 μὴ
586 1510 693 1576 ποιῶν
703 1512 768 1575 τῶν
779 1505 864 1576 κατὰ
875 1507 932 1600 τῆν
944 1508 1132 1602 συγγραφὴν
1145 1536 1197 1599 γε-

263 1620 463 1710 γραμμένων.
485 1619 542 1688 καί
556 1617 612 1688 έάν
624 1646 675 1700 τις
687 1615 784 1702 ἀλλος
793 1623 858 1688 τῶν
869 1622 1146 1711 συνεργαζομένων
1158 1623 1194 1706 ἐξ
1210 1663 1227 1676 -

225 1758 251 1798 ω
263 1729 443 1822 λέγ[χ)ηταί
453 1757 486 1800 τι
499 1735 707 1818 κακοτεχνῶν,
721 1732 944 1814 έξιλαυνέσδω
955 1733 991 1802 ἐκ
1001 1738 1061 1803 τοῦ
1070 1733 1164 1824 ἔργον
1175 1736 1233 1804 καί

263 1845 392 1936 μ]ῃκίτι
404 1843 660 1932 συνεργαζέσθω.
683 1841 739 1911 έάν
750 1844 787 1912 δέ
796 1842 842 1935 μῆ
854 1843 1027 1936 πείθηται,
1042 1843 1253 1938 ζημιωθήσε-

263 1985 321 2028 ται
331 1957 389 2026 καί
401 1945 496 2038 οὗτος
506 1953 589 2042 μετὰ
602 1958 661 2024 τοῦ
673 1953 820 2046 έργιόνου.
845 1959 893 2046 (5)
909 1955 966 2025 έάν
977 1957 1014 2026 δέ
1024 1984 1092 2026 που
1103 1956 1197 2048 παρὰ
1207 1956 1246 2029 τό
1259 1955 1312 2048 έρ-

265 2095 321 2158 γον
334 2069 473 2160 συνφέρῃ
484 2069 549 2137 τινί
562 2069 669 2158 μέτρῳ
681 2071 746 2136 τῶν
756 2069 983 2158 γεγραμμένων
995 2073 1130 2159 προςλι-

265 2177 375 2271 πιῖνῆ
386 2183 536 2265 συνελεῖν,
549 2178 685 2272 ποιῆσει
695 2175 740 2262 ὡς
751 2177 790 2248 ἀν
802 2178 988 2267 κελεύωμεν.
1012 2185 1059 2266 (6)
1075 2181 1158 2272 μηδέ
1171 2176 1295 2252 ἀπολε-

226 2319 250 2359 ιι
264 2290 442 2364 λόσθωσαν
453 2287 523 2362 ἀπὸ
535 2296 594 2384 τῆς
605 2291 759 2382 έργωνίας
768 2290 801 2361 σί
813 2293 849 2375 έξ
859 2287 961 2385 ἀρχῆς
971 2290 1079 2381 έγγυοι
1092 2292 1149 2360 καί
1162 2287 1180 2362 ὃ
1194 2293 1211 2362 ί
1230 2335 1247 2344 -

264 2402 375 2497 γιόνῃς,
389 2400 462 2495 ἀχρι
473 2401 513 2473 ἀν
525 2401 542 2474 ό
555 2403 844 2495 έπαναπριάμενος
854 2402 897 2473 τὰ
909 2403 1111 2478 παλίνπωλα
1123 2403 1199 2486 τοὺς

265 2515 397 2607 έγγόους
409 2513 596 2608 ἀξιοχρέους
606 2515 806 2609 καταστήσῃ.
829 2517 907 2606 περί
920 2517 956 2586 δέ
966 2521 1031 2584 τῶν
1041 2543 1171 2604 προπε-

265 2631 451 2722 ποιημένων
463 2629 496 2699 οἳ
512 2629 548 2714 ἐξ
560 2625 660 2722 ἀρχῆς
672 2628 779 2719 έγγυοι
791 2627 937 2700 ἔστωσαν
947 2629 1008 2711 ἕως
1017 2631 1076 2721 τῆς
1087 2627 1183 2714 έσχά-

268 2769 326 2832 τῆς
337 2740 545 2828 δοκιμασίας.
570 2743 618 2830 (7)
634 2742 717 2830 μηδέ
731 2741 991 2830 καταβλαπτέτω
1003 2741 1109 2832 μηθὲν
1120 2743 1184 2809 τῶν
1196 2736 1306 2832 ὑπαρ-

229 2879 255 2918 εο
267 2851 389 2938 χόντων
401 2851 499 2942 έργων
511 2854 544 2921 έν
555 2857 604 2944 τῷ
614 2852 690 2945 ἱερῷ
702 2849 719 2922 ὁ
733 2850 878 2944 έργοίνῃς.
902 2850 959 2922 ἐὰν
969 2853 1006 2922 δέ
1015 2879 1049 2922 τι
1060 2851 1228 2941 καταβλά-

266 2980 327 3056 ψῃ,
340 2960 490 3036 ἀκείσδω
501 2971 573 3047 τοῖς
584 2963 683 3046 ἰδίοις
695 2961 903 3054 ἀνηλώμασιν
915 2961 1060 3050 δοκίμως
1071 2965 1107 3054 ἐγ
1115 2962 1217 3056 χρόνῳ

268 3074 336 3167 ὅσῳ
348 3073 387 3145 ἀν
398 3074 431 3145 οί
443 3077 598 3148 ναοποιοί
611 3073 763 3160 τάξωσιν.
786 3077 843 3144 καί
856 3073 912 3144 ε’όν
924 3102 997 3144 τινα
1009 3071 1084 3167 ίνγιῆ
1094 3075 1192 3145 λίδον
1204 3080 1278 3148 δια-

267 3187 390 3280 φθείρῃ
404 3185 489 3256 κατά
500 3185 560 3279 τὴν
571 3187 724 3278 ἐργασίαν
736 3184 753 3259 ὁ
765 3191 824 3280 τῆς
834 3188 960 3270 δέσεως
971 3185 1117 3279 ἀργοίνῃς,
1130 3189 1199 3258 δτι-

268 3328 324 3392 ρον
335 3295 605 3392 ἀποκαταστήσει
619 3298 754 3386 δόκιμον
765 3305 836 3381 τοῖς
848 3297 948 3380 ἰδίοις
960 3295 1175 3389 ἀνηλώμασιν,
1189 3297 1245 3370 οά-

229 3441 253 3480 εε
267 3414 329 3483 θὲν
340 3409 564 3482 ἐπικαλέοντα
576 3410 614 3482 τό
627 3410 733 3502 ἔργον·
747 3409 804 3482 τὸν
816 3413 852 3481 δέ
865 3413 1094 3502 διαφθαρέντα
1104 3411 1203 3482 λίθον
1214 3415 1267 3498 έξ-

269 3525 339 3610 ἀξει
351 3526 388 3602 ἐκ
398 3529 457 3600 τοῦ
470 3523 557 3615 ίεροό
569 3523 659 3608 ἐντὸς
669 3520 797 3616 ἡμερῶν
807 3525 913 3609 πέντε,
928 3523 958 3594 εἰ
969 3525 1006 3593 δέ
1016 3522 1074 3617 μῆ,
1089 3523 1174 3615 ίερὸς
1186 3521 1204 3595 ὁ
1216 3525 1316 3609 λίθος

268 3638 371 3718 ἔσται.
395 3635 451 3712 ἐὰν
467 3637 503 3709 δέ
520 3634 565 3728 μὴ
580 3631 798 3728 ἀποκαθιστῆ
808 3633 832 3728 ῆ
841 3634 887 3728 μῆ
899 3631 1018 3728 ἀκῆται
1031 3634 1069 3706 τό
1080 3641 1247 3726 καταβλα-

269 3751 364 3842 φδέν,
378 3750 544 3820 καὶτοῦτο
557 3747 798 3839 έπεγδιόσουσιν
811 3747 1026 3822 οίναοποιοί·
1051 3745 1152 3823 ότιδ
1169 3746 1208 3824 ἀν
1220 3749 1303 3843 εὕρῃ,

270 3866 367 3932 τοῦτο
379 3858 459 3932 αότό
471 3862 528 3933 καί
541 3858 693 3954 ἡμιόλιον
706 3857 877 3934 ἀποτείσει
890 3857 907 3933 ὁ
919 3858 1056 3954 έργιόνης
1067 3863 1124 3934 καί
1137 3862 1170 3932 οἳ
1182 3862 1235 3952 έγ-

231 4001 257 4040 ω
269 4001 351 4064 γυοι.
374 3971 430 4042 ἐὰν
442 3974 479 4043 δέ
490 3971 576 4043 κατὰ
588 3971 675 4064 φυὰν
686 3976 859 4066 διαφθαρῇ
870 4000 921 4056 τις
932 3976 996 4046 τῶν
1007 3972 1122 4058 λίθων,
1136 3970 1277 4066 ἀζήμιος
1288 3974 1343 4054 έσψ

270 4114 316 4155 τω
328 4083 413 4156 κατὰ
428 4089 544 4155 τοῦτον
557 4081 574 4156 ὃ
588 4088 647 4177 τῆς
657 4086 784 4167 θέσεως
796 4082 940 4176 έργιόνῃς.
966 4087 1014 4174 (8)
1030 4083 1086 4156 ε’ἀν
1098 4085 1228 4176 δέπρδς
1240 4083 1300 4165 αὖ·

270 4197 346 4281 τοὺς
357 4194 565 4287 ἀντιλέγωσιν
577 4197 609 4269 οί
622 4198 758 4287 έργῶναι
769 4196 848 4291 περί
858 4224 947 4278 τινος
956 4200 1020 4274 τῶν
1031 4199 1225 4290 γεγραμμέ-

270 4341 342 4398 νων,
356 4314 576 4402 διακρινοῦσιν
588 4310 622 4382 οί
632 4312 789 4390 ναοποιοί
802 4307 980 4398 ὀμόσαντες
992 4312 1050 4384 ἐπὶ
1062 4315 1127 4384 τῶν
1138 4311 1245 4403 ἔργων,
1261 4313 1357 4390 πλείῚ

273 4452 342 4508 ονες
355 4421 444 4506 όντες
456 4427 521 4493 τῶν
531 4420 685 4515 ῆμίσεων.
708 4421 750 4493 τὰ
762 4424 799 4492 δὲ
808 4423 1021 4514 ἐπικριθέντα
1032 4421 1128 4516 κύρια
1142 4423 1235 4505 ἔστω,
