3310 5254
710 455 923 516 ...71-

236 643 325 723 licet,
351 643 437 727 quod
468 642 573 708 Attici
603 643 756 708 cochlear
788 639 919 729 λίστρον
947 645 1158 730 appellabant
1188 650 1273 709 teste
1296 644 1401 729 Phry-

237 754 334 818 nicho
370 777 402 840 p.
438 757 514 819 321:
555 749 758 841 κοχλιάριον·
795 756 892 822 τοῦτο
938 753 1069 842 λίστρον
1103 749 1341 842 Ἀριστοφάνης
1383 747 1401 820 ὃ

236 861 480 952 κωμῳδοποιὸς
514 863 599 951 λέγει
640 865 695 950 (cf.
729 867 890 932 Lobeokii
932 874 1055 949 annot,
1089 867 1248 946 Bekker.,
1286 867 1400 934 anecd.

237 977 354 1043 Graec.
378 1001 409 1064 p.
436 982 486 1059 51,
511 981 540 1059 9,
562 977 624 1041 Iul.
647 978 730 1042 Poll.
756 1000 862 1046 onom.
886 978 935 1042 VI
958 983 1009 1061 89,
1031 980 1064 1044 X
1087 980 1152 1064 98).

326 1092 355 1154 3.
378 1089 674 1177 Κολαπιῆροῑ)
708 1091 810 1155 fuisse
834 1093 987 1156 malleum
1022 1114 1084 1177 quo
1113 1093 1242 1177 scalpra
1271 1091 1403 1176 pulsata

238 1208 351 1267 essent
373 1201 571 1266 Blr'imnerus
596 1203 764 1267 contendit
788 1203 866 1286 (vol.
880 1204 916 1268 II
932 1226 963 1290 p.
981 1205 1066 1287 211).
1101 1203 1267 1289 lapidariis
1291 1201 1401 1266 Leba-

236 1313 395 1378 densibus
422 1308 594 1402 κολαπτήρ
627 1313 861 1379 ferramentum
892 1321 962 1379 erat
992 1337 1055 1400 quo
1080 1314 1258 1380 secundum
1280 1314 1402 1380 lineam

238 1425 441 1511 inlepidum
464 1426 610 1510 margine
633 1427 694 1490 lini
716 1448 778 1512 ope
802 1427 932 1492 ductam
956 1426 1012 1514 (of.
1027 1428 1122 1514 figo,
1141 1426 1255 1512 A-B)
1280 1434 1400 1511 quanto

238 1537 366 1622 lapides
389 1538 522 1601 latiores
553 1544 666 1603 essent
688 1559 785 1622 quam
808 1560 890 1625 opus
914 1545 1000 1616 erat,
1025 1546 1151 1604 tantum
1173 1539 1402 1626 praeciderent

238 1647 291 1732 (cf.
314 1670 344 1712 r.
371 1651 428 1712 131
455 1647 528 1735 sq.).
573 1651 698 1735 pariter
720 1642 790 1715 ἀπὸ
813 1650 1038 1739 κολοιιτῆρος,
1063 1672 1137 1716 οιιιιι
1158 1651 1285 1737 lapides
1308 1651 1401 1736 pavi-

235 1761 337 1826 menti
367 1761 468 1845 positi
495 1767 624 1842 essent,
657 1782 769 1827 eorum
794 1763 985 1847 superficies
1019 1762 1142 1828 ruditer
1167 1762 1308 1826 dolenda
1330 1768 1402 1828 erat

237 1872 291 1957 (cf.
307 1894 338 1938 v.
359 1875 416 1936 185
434 1893 498 1956 sq.:
523 1869 847 1960 *διακολονιιηρίζων
860 1869 951 1961 τοὺ[ς
964 1870 1094 1962 λίθους]
1118 1869 1225 1960 adalp
1246 1869 1398 1957 πάντας).

237 2006 310 2049 cum
334 1984 376 2047 ad
398 1984 585 2049 huiusmodi
614 2006 715 2071 opera
746 1986 896 2050 facienda
922 1987 1071 2051 hodierni
1098 1986 1251 2072 lapidarii
1274 1985 1400 2050 duobus

235 2102 368 2161 utantur
390 2097 518 2162 malleis
543 2097 612 2162 sivo
637 2097 780 2163 dolabris
804 2120 888 2184 quae
911 2099 1215 2183 ,Poussirschldgel‘
1232 2104 1266 2162 et
1281 2099 1401 2179 ,Zwei-

237 2208 370 2294 spitz‘2)
393 2213 523 2290 vocant,
549 2230 687 2294 cumque
705 2215 835 2274 veteres
859 2210 993 2296 opifices
1017 2210 1185 2275 dolabram
1208 2209 1399 2276 adhibuisse

237 2327 366 2385 constet
381 2321 414 2384 iu
430 2342 494 2405 qua
508 2326 682 2406 utrumque
699 2321 779 2386 illud
795 2321 1048 2386 instrumentum
1062 2323 1270 2387 coniunctum
1284 2328 1355 2388 erat
1362 2321 1400 2406 ³),

235 2432 320 2496 hano
342 2431 511 2496 dolabram
544 2431 610 2517 (fig.
635 2430 669 2517 9)
700 2455 720 2496 a
747 2433 897 2519 lapicidis
927 2433 1178 2499 Lebadensibus
1206 2433 1401 2522 κολαπτῆρσι

234 2549 385 2610 vocatam
409 2565 484 2608 esse
509 2544 702 2630 putaverim.

325 2661 355 2720 4.
382 2650 550 2721 Κανόνα
588 2657 736 2740 regulam
766 2677 840 2720 esse
874 2676 970 2721 nemo
1007 2656 1123 2721 nescit.
1159 2657 1198 2723 cf.
1221 2657 1399 2738 Bliimner.‚

236 2769 414 2833 Terminol.
440 2774 473 2832 et
495 2766 653 2832 Technol.
675 2769 740 2832 vol.
764 2767 799 2831 II
821 2789 852 2854 p.
877 2770 938 2832 233
963 2789 1009 2852 sq.
1032 2804 1074 2816 -
1097 2767 1257 2854 lapicidae
1280 2767 1400 2834 Graeci

235 2880 277 2945 ad
300 2901 401 2966 opera
423 2880 594 2944 subtiliora
609 2879 787 2944 utebantur
809 2881 933 2965 regulis
955 2879 1095 2967 lapideis
1113 2880 1231 2964 quibus
1253 2881 1399 2966 lapidum

236 2994 378 3080 politura
405 2995 507 3058 multo
532 2993 681 3057 exactius
705 2993 887 3057 examinari
914 2998 1024 3078 potest
1046 3013 1141 3077 quarn
1164 2993 1294 3078 ligneis.
1333 2993 1399 3057 iam

237 3107 369 3170 saeculo
391 3127 420 3169 a.
437 3103 512 3169 Ohr.
529 3126 560 3170 u.
577 3105 688 3188 quinto
706 3105 838 3189 regulas
853 3103 1001 3190 lapideas
1017 3103 1157 3169 Athenis
1170 3105 1204 3168 in
1219 3127 1282 3170 usu
1297 3105 1398 3170 fuisse

238 3239 281 3282 ex
303 3217 407 3281 titulis
431 3217 471 3280 ad
501 3215 617 3280 aedem
640 3215 808 3280 Minervae
831 3215 976 3280 Poliadis
1001 3217 1224 3302 spectantibus
1248 3238 1398 3303 comper-

236 3335 306 3394 tum
335 3329 494 3394 habemus
527 3327 581 3410 (ef.
609 3327 780 3392 Michaelis
809 3329 829 3391 l.
857 3329 879 3393 l.
909 3329 958 3392 tit.
990 3332 1028 3393 16
1058 3335 1092 3394 et
1126 3332 1164 3392 17
1193 3333 1234 3412 a).
1277 3335 1399 3414 quanta

236 3448 347 3506 autem
369 3448 518 3506 veterum
546 3441 580 3504 in
610 3437 836 3525 comparandis
865 3441 1027 3504 accuratis
1057 3441 1178 3524 regulis
1202 3441 1300 3506 fuerit
1322 3441 1397 3505 dili-

308 3627 328 3693 ¹)
346 3626 380 3680 de
405 3623 550 3679 κολάπιειν
570 3624 649 3680 verbi
671 3623 876 3695 significatione
898 3627 927 3678 et
950 3642 1002 3680 usu
1028 3625 1064 3680 ad
1087 3644 1113 3680 v.
1137 3627 1169 3678 11
1193 3626 1397 3698 disputavimus

236 3729 320 3781 supra
338 3730 364 3781 p.
383 3713 416 3765 bl
435 3729 475 3779 sq.

307 3800 329 3866 ²)
351 3798 523 3853 Karmarsch.
542 3799 560 3851 l.
578 3798 596 3852 l.
615 3815 642 3866 p.
660 3797 724 3850 298:
752 3797 882 3860 ‚Mittelst
900 3796 947 3850 des
965 3797 1281 3870 Poussirschldgels
1300 3800 1355 3869 (fig.
1368 3801 1395 3867 8)

237 3884 348 3938 werden
365 3914 377 3924 ·
390 3913 401 3924 -
419 3883 465 3938 die
483 3884 536 3937 den
548 3883 796 3954 vorgeneichneten
809 3883 909 3936 Linien
922 3884 1159 3952 entsprechenden
1170 3885 1282 3939 Kanten
1298 3885 1398 3955 schrhg

237 3971 454 4040 abgeschlagen‚
480 3969 575 4023 indem
600 3986 666 4022 man
694 3969 748 4022 mit
778 3969 826 4022 der
855 3968 1072 4038 Schlagelkante
1095 3970 1161 4039 jone
1190 3969 1291 4023 Linien
1318 3977 1397 4041 mdg-

236 4055 320 4110 lichst
337 4073 430 4126 geuau
453 4056 572 4120 anhalt,
596 4073 625 4109 so
645 4056 707 4110 dass
734 4055 789 4109 alle
807 4055 967 4109 ausserhalb
993 4055 1137 4109 dersclben
1158 4057 1396 4127 vorspringenden

236 4141 348 4206 Theile‚
373 4141 440 4195 aber
462 4142 542 4195 nicht
559 4142 649 4206 mehr,
675 4142 797 4195 cntfernt
814 4141 933 4194 werden.
969 4141 1023 4194 Der
1040 4142 1112 4196 noch
1130 4142 1229 4212 tibrige
1247 4142 1328 4197 Theil
1347 4143 1396 4197 der

234 4228 342 4281 rauhen
369 4227 470 4281 Flttche
498 4227 645 4281 innerhelb
673 4227 748 4280 ihrer
775 4243 804 4280 so
832 4226 1047 4296 abgelranteteu
1063 4227 1176 4280 Rander
1196 4227 1267 4282 wird
1292 4228 1395 4282 Posten

207 4351 209 4356 -
235 4315 362 4384 genennt
388 4313 446 4366 und
472 4313 593 4367 mittelst
623 4313 671 4366 der
698 4311 896 4381 Zweispitze
920 4313 977 4382 (fig.
996 4313 1022 4380 l)
1049 4313 1120 4367 nach
1143 4313 1201 4366 und
1225 4313 1297 4366 nach
1319 4330 1394 4383 weg-

236 4399 541 4570 gehegepfpfflfimner'
561 4484 710 4539 Terminol.
728 4483 787 4538 und
804 4483 935 4539 Technol.
954 4484 1008 4538 vol.
1020 4484 1048 4537 Π
1065 4502 1092 4553 p.
1111 4483 1161 4537 207
1179 4483 1225 4554 fig.
1238 4483 1299 4550 390,
1316 4483 1360 4540 40.
