3310 5254
685 473 899 540 ..59-

213 654 304 729 ubit
321 655 426 742 τόπος
440 659 775 749 πρσςθεμιλιοόμενος
794 665 886 728 locus
901 684 1003 751 prope
1019 662 1111 729 aedis
1128 659 1373 727 tundamentum

213 781 265 841 est
287 776 342 860 qui
365 775 553 841 solidendus
578 783 649 841 eret
670 777 742 862 pori
764 776 911 840 frustulis
933 777 1083 861 ingestis,
1107 781 1142 840 ut
1159 776 1264 839 solum
1287 773 1373 860 quod

213 888 431 953 Parthenonis
472 889 768 954 substructionibus
800 889 1042 953 circumiectum
1082 893 1133 952 est
1168 893 1256 951 terre
1292 905 1372 972 poro

216 1001 329 1065 mixte.
368 999 505 1064 verbum
528 991 764 1084 ἀνακαθαίρειν
788 1000 887 1064 etiem
910 1000 943 1062 in
965 999 1125 1086 principio
1148 999 1236 1062 tituli
1258 997 1373 1062 Lesbii

213 1112 335 1197 legitur
356 1133 385 1175 v.
402 1114 433 1174 l:
457 1106 575 1198 πήχεις
596 1106 655 1176 όόο
678 1103 914 1196 ἇνακαθαίρων
934 1105 973 1176 τὸ
995 1104 1371 1197 προς[θ]αμελιοόμενον,

214 1225 235 1290 i.
268 1244 295 1289 e.
327 1223 485 1288 effodiens
514 1225 620 1288 solum
655 1223 741 1308 quod
775 1222 986 1288 fundamento
1017 1222 1201 1308 adpositum
1237 1227 1297 1286 est.
1330 1221 1371 1288 of.

215 1334 395 1401 Diodorum
420 1335 486 1402 Sic.
508 1335 596 1400 XIII
620 1339 671 1417 56,
696 1339 714 1397 4
738 1335 900 1400 dicentem
930 1327 1144 1424 ἀνακαθήρας
1173 1331 1209 1398 δὲ
1230 1327 1287 1399 τὸν
1309 1355 1372 1398 πε-

213 1441 313 1513 σόντα
340 1441 445 1512 τόπον
473 1448 533 1513 τοῦ
561 1443 702 1529 τείχους,
739 1448 759 1512 i.
791 1468 819 1512 e.
848 1447 997 1533 purgatis
1026 1445 1200 1512 ruderibus
1230 1466 1269 1510 eo
1301 1447 1373 1511 Ioco

214 1579 278 1645 quo
314 1581 424 1624 murus
461 1559 592 1625 corruit.
657 1560 768 1644 iteque
806 1559 907 1624 verbs
944 1550 1150 1644 όνακαθαρεῖ
1186 1557 1234 1644 τῷ
1272 1551 1374 1645 πιόρρν

214 1671 369 1756 coniungi
391 1669 566 1736 manifesto
585 1676 763 1755 nequeunt,
786 1691 892 1755 neque
916 1668 1028 1733 dubito
1052 1669 1129 1755 quin
1150 1670 1268 1733 lacuna
1289 1669 1376 1734 inter

213 1775 421 1868 ἀνακαθαρεῖ
449 1788 482 1846 et
508 1782 556 1870 τῷ
582 1777 684 1868 πώρῳ
712 1780 885 1848 statuenda
915 1782 958 1845 sit
993 1802 1076 1866 qnee
1108 1781 1235 1867 expleri
1262 1786 1374 1866 potest

214 1916 266 1961 ex.
291 1915 338 1980 gr.
351 1894 461 1960 verbis
483 1891 540 1959 καὶ
564 1889 701 1979 στρώσει
723 1895 777 1958 vel
799 1886 1031 1979 προςστριόσει.
1072 1891 1111 1957 de
1131 1892 1232 1957 verbo
1255 1891 1375 1978 *προς-

216 2001 412 2093 στρωννύναι
436 2007 475 2071 ο1.
499 2005 540 2070 sd
562 2028 592 2072 v.
616 2010 666 2072 91.
711 2006 833 2071 Lesbio
864 2026 991 2091 quoque
1022 2004 1222 2091 redemptori
1248 2011 1285 2070 ut
1307 2004 1373 2069 Le·

217 2119 356 2184 bedensi
375 2140 472 2206 poros
495 2117 621 2204 lapides
645 2117 902 2204 suppeditandos
926 2117 1028 2182 fuisse
1046 2116 1292 2182 memorandum
1315 2122 1374 2182 est.

217 2225 367 2316 μαλακός
397 2231 593 2296 adiectivum
620 2231 654 2294 in
685 2239 822 2316 utreque
852 2231 1063 2317 inscriptione
1091 2229 1280 2311 adhibetur,
1311 2249 1374 2314 quo

215 2345 417 2429 significetur
446 2345 537 2409 locus
566 2365 631 2408 non
663 2345 742 2410 setis
775 2343 898 2408 solidus
931 2344 982 2408 cui
1010 2349 1192 2408 structurae
1222 2343 1375 2407 insistere

7 2525 13 2554 ‚
114 2525 118 2531 ,
215 2457 350 2544 possint.
396 2454 573 2540 Euripides
596 2453 704 2519 verbis
728 2454 903 2540 Hippolyti
926 2453 1058 2518 fabulae
1081 2475 1110 2517 v.
1137 2455 1219 2518 1226
1244 2474 1305 2539 sq.:
1333 2446 1375 2518 τὰ

215 2561 375 2653 μαλθακὰ
397 2562 494 2652 γαίας
522 2588 587 2632 non
616 2573 682 2631 tem
712 2567 883 2653 planitiem
912 2567 1107 2652 significavit
1136 2587 1231 2652 quam
1255 2572 1375 2630 terrem

215 2681 348 2746 mollem
372 2701 455 2765 quae
485 2679 574 2744 sexis
604 2674 648 2764 (εἰ
671 2671 699 2744 δ’
725 2676 759 2757 ἒς
780 2675 904 2765 πέτρας
924 2677 1074 2767 φέροιντο
1096 2700 1125 2744 v.
1153 2675 1249 2764 1230)
1273 2698 1375 2765 oppo-

213 2794 281 2860 site
303 2797 403 2858 esset.

300 2905 341 2969 V.
354 2905 410 2968 68:
425 2897 722 2990 προεπικόψας
735 2896 805 2982 τὰς
821 2898 974 2992 στήλας.
998 2904 1133 2968 verbum
1145 2895 1376 2987 *προεπικόπ-

212 3040 280 3084 τειν
301 3016 352 3081 bis
375 3016 408 3080 in
432 3016 644 3101 inscriptione
667 3015 798 3100 legitur,
823 3016 896 3081 oun'r
920 3015 1128 3081 Cumanudes
1151 3038 1181 3080 v.
1207 3019 1265 3079 145
1293 3021 1376 3081 extr.

213 3129 247 3195 id
270 3134 359 3195 recte
382 3128 572 3194 restituerit.
609 3121 811 3208 ἐπικόπτειν,
835 3149 886 3194 vr.
905 3132 965 3194 149
978 3150 1025 3214 sq.
1046 3135 1080 3194 et
1101 3131 1161 3194 183
1185 3127 1376 3210 adhibitum,

214 3240 375 3325 significat
408 3237 531 3322 aliquid
565 3239 598 3304 in
634 3259 760 3303 summo
789 3238 996 3325 praecidere:
1030 3241 1070 3307 cf.
1100 3239 1263 3325 Theophr.
1288 3261 1377 3304 esus.

213 3455 233 3552 ἡ
257 3459 386 3548 σκέψις.
418 3461 555 3528 καλοῦσι
573 3455 779 3550 δ’ἐπικοπήν,
803 3457 882 3529 όταν
904 3501 921 3512 -
943 3501 960 3512 -
982 3458 1130 3550 όπικόψῃ
1149 3487 1200 3541 τις
1213 3457 1251 3530 τὸ
1269 3455 1376 3548 όκρον.

214 3568 363 3663 ἒπικοπή
390 3596 455 3640 vox
487 3580 644 3661 usurpate
674 3580 725 3639 est
758 3595 777 3638 s
805 3576 908 3640 nostri
936 3576 1023 3641 tituli
1053 3581 1186 3640 auctore
1210 3597 1239 3641 v.
1262 3577 1312 3641 71.
1344 3574 1377 3638 in

213 3686 425 3774 inscriptione
453 3685 576 3751 Lesbia
605 3686 645 3751 eb
675 3685 772 3753 Alex.
798 3686 918 3769 Oonze,
949 3687 1049 3752 Reise
1079 3686 1137 3751 suf
1160 3685 1287 3751 Lesbos
1311 3687 1377 3751 tob.

214 3799 263 3864 VI
286 3799 374 3865 edita
396 3801 597 3866 restituerim
621 3803 668 3866 2ο
690 3823 720 3865 v,
746 3804 784 3866 17
808 3803 851 3885 -Ι-
873 3802 919 3866 nb
943 3804 1006 3865 nt
1031 3799 1145 3885 (totius
1161 3801 1260 3868 inser.
1273 3823 1303 3866 v.
1321 3799 1377 3887 22)

214 3905 341 3990 εἰςτὰς
363 3906 560 3999 ἒπ[ικ]οπὰς
580 3913 639 3978 τοῦ
655 3951 672 3960 -
687 3936 720 3978 -z
757 3934 831 3977 nem
855 3909 928 4001 ἒπ[ὶ
950 3907 1022 4000 τὰς]
1047 3904 1134 3992 όπας
1157 3913 1243 3999 quod
1267 3912 1377 3979 Ocnus

214 4025 382 4109 proposuit
405 4025 439 4088 ni
461 4024 558 4089 Iellor
581 4024 686 4110 spatio
709 4045 774 4089 non
798 4027 961 4091 convenit.

298 4134 340 4202 V.
363 4138 404 4200 68
429 4156 491 4220 sq.:
525 4131 737 4219 tartaridis
759 4132 851 4204 ὅσον
873 4130 919 4203 tv
941 4133 1166 4221 κελεύωμεν
1189 4131 1288 4222 πρὸς
1309 4131 1378 4220 τὴν

212 4243 475 4332 περιτένσιαν
495 4241 563 4335 τὴν
585 4247 799 4314 δοθεῖσαν.
843 4245 1027 4334 περιτένεια
1048 4270 1115 4314 vox
1138 4248 1255 4314 eodem
1279 4270 1378 4313 sensu

155 4429 158 4436 ,
212 4362 279 4424 tam
315 4359 447 4446 proprio
480 4381 577 4444 quem
612 4381 696 4425 novo
736 4367 911 4446 usurpatur
945 4383 974 4426 v.
1005 4362 1079 4426 186:
1112 4355 1379 4446 διαβητιζόμενος

213 4465 298 4542 κατὰ
328 4463 472 4562 κεφαλὴν
498 4462 568 4536 ἀπὸ
598 4470 657 4560 τῆς
683 4463 929 4564 ό[παρχοό]1σης
956 4467 1159 4559 περιτενείας
1184 4471 1249 4538 τῶν
1275 4495 1378 4538 καταπ
