3310 5254
745 424 957 488 ..30-

359 611 401 677 V.
420 617 493 678 141:
520 605 541 702 ἡ
565 608 775 702 *παραξοή
798 615 958 702 praecisio
982 621 1034 680 est
1056 635 1139 700 quae
1163 614 1243 680 alibi
1264 606 1437 702 κοτατομή

275 725 331 812 (of.
353 726 625 812 Harpocrationis
648 726 757 790 locum
785 727 1039 813 supracitatum
1062 727 1113 790 ad.
1137 748 1167 793 v.
1193 727 1267 812 110)
1291 733 1436 791 vocatur.

361 837 402 903 V.
416 841 476 900 145
501 858 585 922 sqq.:
608 832 849 924 πρ[οειτικόψει
873 837 1080 903 Cumanudes
1105 845 1194 904 recte
1217 839 1373 903 restituit:
1398 838 1437 903 cf.

273 970 301 1013 v.
319 952 380 1014 149
392 970 439 1034 sq.
460 949 501 1014 de
515 947 795 1032 *προεπικόιιτειν
809 948 908 1013 verbo
925 949 1163 1035 disputavimus
1179 949 1220 1013 ad
1236 970 1268 1012 v.
1281 951 1321 1012 68
1337 971 1370 1034 p.
1387 951 1438 1014 59.

358 1060 401 1126 V.
427 1062 486 1124 150
510 1081 572 1145 sq.:
605 1051 706 1126 εἶτεν
731 1056 850 1148 θήσει
873 1056 962 1139 τοὺς
988 1063 1321 1148 καταστρωτῆρας
1342 1099 1359 1108 -
1382 1099 1400 1108 -
1421 1099 1438 1108 -

275 1171 342 1238 ἕνα
371 1165 463 1260 ἄμφ’
494 1165 628 1258 ἁρμόν,
658 1168 853 1259 ἐμβα[λών
865 1222 959 1238 .....
963 1173 1047 1259 Ιψος
1074 1170 1307 1261 ἑπίοφηνον,
1335 1167 1438 1237 κατὰ

272 1279 448 1372 κεφαλὴν
479 1281 523 1349 δὲ
555 1285 797 1364 στοιχοῦντο
828 1282 929 1371 τ[οῖς
957 1283 1175 1373 κειμένοις]
1202 1290 1206 1366 l
1230 1282 1299 1350 καὶ
1321 1282 1439 1362 τέλος

272 1391 447 1477 ἔχουσιν.
492 1397 594 1461 verba
624 1393 681 1460 ἕνα
709 1401 744 1460 ε1
771 1398 962 1478 στοιχοῦντα
986 1397 1159 1462 referenda
1187 1419 1261 1462 esse
1284 1397 1438 1462 videntur

273 1509 315 1574 ad
348 1508 623 1594 καταστρωτῆρας
657 1512 690 1571 et
726 1507 871 1593 pendent
906 1509 940 1572 ni
972 1508 1068 1573 fallor
1107 1508 1147 1572 dc
1186 1509 1287 1572 verbo
1325 1502 1437 1595 θήσει.

274 1621 385 1685 verbis
427 1620 515 1684 enim
555 1620 713 1685 extremis
751 1613 837 1684 κατὰ
875 1613 1022 1707 κεφαλὴν
1062 1617 1098 1685 δὲ
1136 1620 1328 1701 οτοιχοῢντα
1366 1622 1438 1697 τοῖς

273 1728 435 1815 κειμένοις
468 1731 643 1796 manifesto
678 1737 845 1795 curatores
873 1731 1094 1817 praecipiunt,
1126 1737 1163 1795 ut
1195 1732 1228 1795 in
1264 1731 1438 1817 superficie

275 1844 395 1929 singuli
426 1843 551 1929 lapides
586 1843 663 1907 novi
691 1842 783 1926 (mm)
823 1842 864 1906 ad
895 1843 1022 1928 lapides
1061 1842 1225 1929 perfectos
1260 1849 1294 1906 et
1334 1843 1437 1907 collo-

275 1964 365 2021 catos
397 1954 471 2040 (kk)
510 1955 755 2020 accuratissime
791 1955 1006 2040 applicentur.
1060 1955 1138 2040 quid
1171 1976 1249 2019 vcro
1285 1955 1342 2019 illa
1376 1955 1440 2019 sibi

276 2068 390 2133 volunt
418 2067 520 2132 verba
553 2064 608 2130 ἕνα
638 2059 718 2153 ἄμφ’
757 2059 883 2151 ἁρμόν1
919 2067 1031 2132 nescio
1063 2089 1105 2131 an
1140 2067 1227 2131 tituli
1256 2073 1370 2132 auctor
1398 2067 1438 2131 iis

277 2180 445 2245 declarare
469 2179 609 2244 voluerit
632 2179 779 2263 singulos
801 2178 928 2264 lapides
951 2200 1021 2242 mm
1044 2179 1136 2242 iuxta
1159 2179 1306 2263 singulas
1328 2186 1439 2265 partes

277 2291 432 2356 adversas
448 2289 519 2374 (nn)
542 2289 687 2375 lapidum
702 2297 849 2354 veterum
867 2290 914 2354 kk
936 2289 1104 2376 ponendos
1121 2311 1207 2371 esse,
1232 2312 1271 2355 co
1295 2292 1328 2355 ni
1343 2291 1440 2356 fallor

277 2401 425 2483 consilio,
449 2423 490 2467 ne
506 2401 694 2487 redemptor
709 2400 836 2488 lapides
861 2422 962 2466 noros
983 2395 1132 2481 ,ἐναλλὰξ
1145 2404 1217 2479 τοῖς
1232 2399 1438 2487 κειμένοιςῑ)

276 2517 297 2580 1.
322 2537 350 2580 ε.
374 2520 559 2578 transverse
590 2519 665 2576 ante
692 2513 842 2578 binorum
872 2511 1017 2598 lapidum
1038 2512 1086 2577 kk
1115 2514 1346 2578 commissuras
1370 2515 1438 2578 ool-

276 2630 401 2692 locaret
423 2625 480 2711 (el.
501 2625 554 2709 fig.
577 2623 621 2710 1).
663 2624 881 2689 Parthenonis
914 2644 1043 2708 quoque
1067 2625 1250 2709 stylobatas
1274 2624 1439 2711 lapidibus

276 2745 383 2804 tectus
416 2743 466 2802 est
499 2737 546 2800 ita
578 2735 763 2822 dispositis,
798 2743 835 2801 ut
868 2735 1101 2800 commissurae
1135 2743 1341 2801 transversae
1377 2759 1438 2822 per

276 2857 450 2934 utrumque
479 2842 758 2936 καταοτρωτήρων
789 2847 938 2912 ordinem
966 2848 1134 2914 traductae
1172 2849 1245 2948 sjnt.
1297 2848 1438 2934 denique

276 2963 376 3028 verba
388 2959 474 3046 ἐμβα
488 3010 643 3026 ........
648 2959 722 3046 1ψος
733 2956 915 3047 ε’νιίσφηνον
927 2961 1067 3046 primum
1079 2961 1119 3025 de
1131 2961 1270 3025 vinculis
1288 2962 1439 3026 intellexi

278 3094 362 3160 quac
385 3074 550 3160 lapidibus
574 3074 794 3137 inmittentur:
820 3073 860 3136 cf.
883 3094 913 3138 v.
932 3075 986 3136 72:
1011 3070 1147 3158 ἐμβαλεῖ
1169 3071 1284 3138 δὲκαὶ
1308 3072 1341 3152 ἒς
1361 3067 1438 3138 τού-

276 3210 353 3263 τους
382 3179 544 3272 γόμφοος,
578 3205 608 3249 v.
635 3186 708 3246 170:
741 3177 800 3270 τὴν
827 3181 863 3249 δὲ
889 3178 1031 3272 ἐμβολὴν
1052 3184 1117 3248 τῶν
1138 3178 1274 3272 γόμφων
1294 3179 1359 3249 aad.
1404 3190 1439 3248 at

276 3297 329 3362 Fr.
357 3295 461 3360 Adler
490 3301 523 3361 et
548 3294 651 3359 Wilh.
678 3294 858 3380 Doerpfcld
894 3296 1066 3361 architecti
1104 3318 1155 3361 me
1192 3296 1373 3362 docuerunt
1404 3297 1437 3359 in

276 3408 436 3496 ponendis
466 3407 593 3492 magnis
620 3405 783 3492 lapidibus
820 3427 861 3472 ne
889 3406 1016 3492 lapides
1047 3407 1279 3472 detrimentum
1309 3409 1438 3494 capiant

276 3542 415 3588 necesse
438 3541 512 3586 esse
535 3519 635 3604 lignei
659 3519 754 3583 cunci
770 3519 856 3583 inter
877 3519 982 3584 latera
1004 3520 1242 3606 compingenda
1256 3525 1437 3600 teneantur,

278 3636 333 3721 qui
363 3634 404 3699 ad
427 3639 610 3699 extremum
640 3653 682 3696 ex
713 3631 906 3717 compagine
936 3631 1088 3695 nimirum
1113 3633 1303 3698 evellantur.
1354 3652 1437 3716 quae

276 3770 330 3813 res
353 3749 426 3812 loco
450 3744 490 3809 de
514 3765 577 3829 quo
601 3745 727 3828 agimus
751 3764 910 3829 expressa
932 3744 1035 3808 fuisse
1059 3745 1198 3809 videtur.
1243 3743 1300 3809 sed
1323 3765 1437 3808 vocem

277 3861 310 3924 in
333 3871 418 3945 -ψος
435 3865 612 3923 exeuntem
635 3877 717 3940 quae
741 3863 850 3941 aptam
867 3857 1006 3920 haberet
1028 3856 1300 3940 significationem
1319 3856 1438 3920 frustra

277 3971 431 4056 quaesivi.
477 3969 518 4033 ad
541 3969 738 4034 adiectivum
761 3964 955 4060 ἐπίσῳηνον,
981 3974 1170 4062 cuneatum,
1195 3968 1235 4034 of.
1258 3967 1437 4032 Clementis

276 4083 492 4147 Alexandrini
526 4081 627 4146 verba
660 4102 742 4166 quae
773 4081 927 4164 leguntur
954 4081 988 4143 in
1020 4065 1172 4144 Stromat.
1207 4080 1263 4144 lib.
1287 4080 1337 4144 Vl
1366 4101 1436 4164 cap.

280 4200 318 4259 15
347 4194 392 4280 (p.
416 4196 507 4279 800):
546 4187 563 4258 d
590 4189 701 4280 τρίτος
727 4191 763 4258 δὲ
790 4186 1015 4278 ἐμιεντρισμὸς
1037 4187 1209 4278 (γίγνεται)
1349 4190 1438 4257 ἀντο-

349 4361 685 4433 1)τιθεὶς(τοο“ςλι’θοος)
708 4361 845 4432 ἐναλλιὶ[ξ]
864 4362 920 4422 τοῖς
938 4361 1064 4415 ὑποκάτω
1087 4361 1174 4431 νόμον
1197 4359 1273 4434 nupti
1295 4361 1383 4433 νόμον
1407 4361 1438 4414 in

277 4451 362 4506 titulo
380 4450 479 4506 Lesbio
498 4448 603 4519 legitur
620 4466 647 4502 v.
667 4450 707 4502 11.
743 4449 776 4502 cl.
799 4448 865 4503 cm.
885 4448 912 4501 Il
932 4448 981 4501 167
998 4466 1024 4502 v.
1043 4444 1333 4507 sancrosancta.
