3310 5254
722 455 934 516 ..54-

236 641 383 730 lapidum
409 641 496 708 xm
523 645 757 710 collocatorum
788 645 933 710 omnium
959 650 1086 731 partem
1120 648 1302 708 extremam
1329 634 1404 730 (τὴν

238 748 371 841 dapar),
407 755 476 822 scil.
507 756 689 840 marginem
716 755 834 821 frontis
857 757 1062 842 superiorem
1085 754 1153 840 (fig.
1177 759 1207 837 5,
1229 753 1298 842 pp),
1332 754 1406 818 dili-

239 867 370 954 gentius
392 866 539 932 adhibito
564 868 691 954 scalpro
716 874 811 933 acuto
837 868 903 932 levi
926 867 1171 952 laevigandum,
1201 872 1234 932 et
1256 866 1404 950 laeviga-

238 979 363 1044 tionem
391 978 433 1042 ad
459 980 607 1064 regulam
629 979 697 1044 XX
718 978 820 1065 pedes
848 979 978 1058 longam
1009 977 1285 1065 comprobandam
1318 999 1406 1060 esse,

238 1089 326 1156 unde
355 1091 537 1175 marginem
573 1091 772 1176 laevigatum
809 1097 1004 1178 perpetuum
1040 1111 1102 1177 per
1130 1111 1243 1156 omnes
1276 1089 1404 1176 lapides

241 1201 312 1269 sine
332 1201 575 1268 intermissione
596 1202 827 1289 porrigendum
849 1202 952 1268 fuisse
975 1208 1123 1289 apparet.
1162 1223 1236 1267 nam
1257 1201 1299 1267 de
1320 1202 1405 1289 lapi·

239 1312 317 1380 dum
340 1313 513 1400 superficie
543 1313 688 1399 cogitare
711 1314 901 1401 nequimus,
925 1315 1045 1402 quippe
1075 1335 1158 1399 quae
1180 1320 1250 1379 tum
1272 1313 1405 1378 demum

239 1426 398 1512 laevigari
420 1427 575 1513 potuerit,
599 1447 673 1490 cum
696 1426 780 1492 alter
806 1426 952 1514 lapidum
976 1426 1054 1492 ordo
1085 1428 1264 1492 collocatus
1293 1432 1327 1492 et
1350 1447 1402 1491 or-

239 1537 308 1605 dini
324 1536 426 1624 priori
441 1536 613 1602 adiunctus
630 1543 729 1604 esset.
762 1539 944 1623 marginem
958 1538 1073 1603 frontis
1089 1538 1251 1625 lapicidae
1266 1544 1403 1620 rectum,

242 1671 309 1716 non
340 1650 512 1732 rimosum,
544 1672 678 1736 prorsus
709 1650 842 1737 planum
870 1633 917 1736 (vl
941 1654 1000 1714 137
1020 1650 1082 1737 sq.)
1113 1649 1251 1716 reddere
1283 1649 1407 1716 debent

240 1781 345 1848 usque
374 1761 416 1826 ad
444 1762 649 1828 altitudinem
677 1761 854 1848 digitorum
875 1763 1045 1826 minimum
1073 1783 1191 1828 novem
1214 1756 1337 1846 (βάθος
1358 1758 1404 1851 μὴ

241 1867 391 1961 ἐλατ[τον
420 1870 522 1962 ἐννέα]
544 1877 549 1956 Ι
568 1868 748 1953 δακτύλους
769 1896 800 1941 v.
825 1876 885 1938 137
902 1873 975 1960 sq.),
1008 1875 1135 1940 scilieet
1161 1873 1301 1940 eandem
1330 1875 1406 1939 lati-

241 1986 389 2052 tudinem
422 2007 485 2072 qua
517 1986 663 2072 lapidum
698 2008 772 2052 mm
807 1987 971 2072 margines
1004 1987 1228 2073 prominentes
1256 1987 1315 2050 iiii
1352 1987 1408 2071 qui

243 2119 316 2166 cum
338 2097 542 2182 marginibus
564 2121 608 2185 pp
631 2121 676 2185 pp
699 2099 931 2185 compingendi
954 2105 1029 2164 sunt
1052 2098 1106 2184 (el.
1122 2098 1176 2184 lig.
1199 2097 1242 2183 3).
1288 2097 1407 2163 eodem

241 2208 339 2276 modo
368 2229 432 2295 quo
466 2209 593 2296 lapides
621 2217 755 2297 propter
785 2212 889 2277 cellae
913 2212 1073 2297 parietem
1101 2210 1200 2298 positi
1230 2211 1254 2274 ii
1277 2231 1407 2296 quoque

241 2321 512 2410 καταστρωτῆρες
529 2322 584 2407 qui
601 2322 636 2386 in
657 2321 814 2408 prodomo
835 2323 988 2389 collocati
1002 2329 1078 2388 sunt
1091 2320 1269 2388 seeundum
1285 2323 1408 2388 lineam

241 2434 479 2521 praescriptam
500 2433 735 2520 praeciduntur
759 2434 802 2520 (v.
829 2439 885 2500 141
913 2433 987 2520 sq.).
1020 2433 1160 2500 fortasse
1183 2433 1310 2520 lapides
1334 2434 1407 2519 qui-

244 2546 308 2613 bus
331 2544 480 2633 prodomi
504 2547 610 2613 solum
639 2546 805 2612 obtectum
828 2553 898 2612 erat
928 2567 1002 2612 curn
1030 2544 1195 2632 lapidibus
1217 2545 1266 2610 kk
1286 2547 1320 2610 in
1341 2567 1408 2612 uuo

245 2657 428 2744 eodemque
445 2658 559 2724 ordine
577 2665 738 2746 perpetuo
754 2658 905 2745 dispositi
920 2663 1014 2724 erant
1027 2656 1083 2741 (ol.
1093 2657 1147 2742 fig.
1163 2655 1206 2742 1).
1241 2663 1408 2743 postremo

246 2769 291 2858 (v,
323 2773 385 2837 142
414 2770 497 2857 sqq.)
529 2777 642 2857 partes
673 2769 830 2836 adversae
863 2775 1012 2836 veterum
1039 2767 1186 2856 lapidum
1213 2769 1260 2834 kk
1291 2768 1407 2834 eadem

244 2883 454 2967 rationeque
468 2903 627 2947 novorum
647 2903 718 2948 mm
738 2886 850 2969 partes
874 2902 1009 2947 aversae
1026 2880 1067 2946 ad
1082 2882 1230 2967 regulam
1244 2880 1408 2966 lapideam

246 2993 493 3080 exsculpendas
523 3000 612 3076 sunt,
645 3000 683 3060 ut
711 2994 880 3060 ianuarum
909 2994 1055 3062 referant
1080 2993 1210 3059 formas.
1264 2993 1407 3079 lapicida

245 3106 345 3188 igitur
367 3105 533 3190 margines
556 3104 691 3170 dextros
712 3111 746 3170 et
761 3107 911 3172 sinistros
935 3107 1001 3192 (fig.
1020 3110 1051 3189 5,
1066 3105 1121 3192 qq)
1145 3127 1263 3171 novem
1285 3104 1407 3189 digitos

245 3218 330 3284 letos
347 3216 447 3303 (siout
460 3216 625 3302 margines
641 3216 673 3300 h,
685 3217 717 3300 h,
731 3217 785 3302 fig.
799 3216 831 3303 3)
847 3218 1012 3304 laevigare
1029 3218 1130 3284 debet
1145 3210 1215 3284 ἀπὸ
1230 3212 1403 3304 λειστρίου,

247 3330 456 3398 excurrentia
491 3330 560 3396 sive
594 3350 712 3417 aspera
746 3329 856 3395 media
890 3329 956 3416 (fig.
985 3334 1004 3395 5
1031 3330 1090 3416 nn)
1127 3329 1264 3412 excidit,
1295 3330 1342 3396 ita
1372 3335 1409 3394 ut

245 3443 502 3528 uniuscuiusque
529 3441 648 3528 lapidis
676 3442 841 3527 margines
871 3448 938 3508 tres
971 3441 1042 3528 (fig.
1067 3445 1096 3525 3,
1119 3463 1180 3528 pp,
1204 3463 1239 3527 q,
1264 3441 1303 3527 q)
1333 3462 1408 3528 pro-

246 3559 393 3626 mineant
415 3563 449 3623 et
478 3577 553 3624 eum
580 3556 727 3643 lapidum
755 3577 828 3622 mm
858 3556 1060 3642 marginibus
1090 3557 1124 3640 ii,
1146 3558 1179 3638 h,
1202 3557 1224 3622 h
1248 3553 1411 3641 compingi

246 3671 386 3759 possint.
421 3670 591 3756 utriusque
616 3668 738 3735 ordinis
754 3668 881 3755 lapides
896 3668 1058 3755 perfectos
1081 3668 1115 3734 in
1131 3668 1244 3734 tabula
1258 3667 1410 3733 adiuncta

247 3784 301 3870 fig.
327 3785 346 3850 3
370 3781 571 3847 adumbravi.

334 3894 429 3964 Sicut
470 3892 616 3980 lapidum
649 3891 691 3958 ad
726 3891 873 3982 ordinem
907 3892 1050 3979 priorem
1086 3892 1303 3978 spectantium
1335 3887 1410 3977 (kk)

247 4007 384 4089 frontes,
406 4006 453 4070 ita
469 4004 728 4072 substructiones
745 4003 972 4071 retractandae
989 4008 1063 4070 sunt
1078 4009 1253 4089 antequam
1276 4003 1411 4069 alterius

250 4119 372 4188 ordinis
388 4116 516 4204 lapides
534 4115 628 4204 (mm)
652 4117 861 4185 collocentur.
896 4121 1062 4183 curatores
1084 4117 1185 4202 igitur
1206 4114 1410 4202 paragrapho

249 4232 362 4319 quinte
377 4231 461 4296 haec
475 4229 682 4316 praecipiunt
694 4226 738 4315 (v.
754 4227 951 4314 llo—roob
973 4228 1029 4294 ubi
1042 4233 1151 4293 autem
1166 4227 1293 4314 lapides
1312 4226 1358 4313 (m
1366 4215 1414 4312 m)

251 4346 412 4415 collocare
436 4339 594 4423 instituet,
618 4346 716 4406 antea
732 4345 895 4408 crateutas
919 4339 986 4427 (fig.
1000 4343 1029 4422 3,
1046 4338 1098 4426 aa)
1123 4345 1156 4406 et
1171 4339 1413 4406 ruderationem

252 4456 324 4544 (bb)
347 4456 382 4522 in
410 4451 584 4539 superficie
608 4452 751 4536 caedito,
775 4457 939 4518 crateutas
963 4451 1094 4539 quidem
1117 4451 1263 4520 adhibito
1287 4453 1413 4540 scalpro
