3310 5254
731 475 947 538 ..36-

255 661 321 726 τῶν
342 657 558 746 τεταγμένων,
589 653 696 745 κύριοι
728 653 828 725 tono
858 654 891 725 oi
913 655 1085 746 ἒσδοτῆρες
1113 649 1177 740 τὸμ
1199 653 1258 739 μὲν
1281 647 1424 741 ἐργάταν

256 766 462 851 tuccitanae
489 764 527 850 ἒς
554 775 609 837 τοῖ
638 767 742 858 i'pyoo,
774 766 832 838 τὸν
861 769 897 837 δὲ
919 763 1063 857 ἕργώναν
1088 763 1258 852 ζαμιόντες
1288 763 1318 832 ἰν
1341 759 1423 832 ε’ττί-

256 907 373 972 κρισιγ,
396 879 546 971 κατάπερ
567 879 625 963 τὸς
648 881 940 968 inconsumptus
961 885 1036 960 ταῖς
1061 879 1215 959 ἐσδοκαῖς
1233 877 1422 966 γέγραπτοι.

256 1019 364 1084 neque
388 998 485 1063 aliter
498 1018 551 1063 me
575 997 683 1063 iudice
699 995 923 1082 intellegenda
947 1001 1023 1061 sunt
1038 994 1163 1060 decreti
1179 992 1220 1057 de
1237 990 1424 1057 reficiendis

257 1110 468 1175 munimentis
483 1107 690 1175 Athenarum
714 1107 801 1175 OIA.
823 1108 858 1172 Π
884 1111 944 1172 167
967 1107 1069 1174 verba
1090 1128 1120 1171 v.
1140 1109 1180 1170 24
1201 1127 1268 1191 sq.:
1290 1105 1355 1170 τῶν
1374 1095 1423 1190 ἐν]

256 1220 384 1311 τ[ὤ]ιδτ
394 1222 443 1310 τῷ
455 1216 706 1310 ψηφ[ίσ]μ[ατι]
721 1216 972 1307 γεγραμμένω[ν]
987 1242 1005 1284 o
1018 1267 1024 1282 .
1037 1271 1043 1284 .
1055 1218 1060 1304 l
1070 1241 1089 1266 ·-
1098 1255 1114 1265 -
1123 1257 1139 1265 -
1152 1238 1253 1283 ουσαν
1263 1210 1425 1303 κολ[άζειν

256 1329 326 1414 τὸν]
348 1330 395 1424 μὴ
419 1331 709 1423 πειθαρχο[ὕ]ν[τα
735 1355 781 1402 sc.
802 1333 868 1398 τῶν
888 1328 1155 1416 μισθωσαμένων
1166 1329 1205 1416 ²).

344 1464 410 1543 §5-
444 1461 489 1548 (v.
514 1462 672 1550 22-26).
707 1461 818 1546 quodsi
838 1461 873 1526 c‘u
897 1481 985 1543 oporc
1005 1460 1150 1543 [amodo
1171 1481 1188 1525 o
1209 1481 1244 1525 ro
1265 1457 1426 1524 asceuda-

258 1579 333 1642 otur
347 1594 511 1641 mensurae
532 1576 634 1642 otiari
654 1595 694 1640 cc
715 1575 761 1640 cis
783 1594 862 1656 quoe
877 1573 1080 1668 praescripto
1093 1575 1169 1638 suut
1188 1591 1253 1636 uou
1274 1571 1358 1636 uitat
1378 1571 1426 1636 oet

258 1687 335 1754 addi
343 1687 371 1772 ²)
392 1688 441 1754 ool
462 1686 594 1766 deuoti,
617 1685 885 1770 quomodocunque
906 1684 1078 1751 iubebimus
1095 1683 1205 1770 facito.

345 1801 530 1888 Praecepta
544 1821 628 1886 quae
651 1799 866 1887 paragraphis
886 1803 1001 1885 quarta
1024 1803 1058 1864 et
1080 1798 1193 1884 quinta
1216 1796 1426 1862 continentur

259 1934 367 2001 paene
399 1912 509 1978 omnic
541 1911 637 1977 alteri
666 1911 888 1998 inscriptionis
918 1911 1018 1997 capiti
1043 1910 1163 1976 iterum
1196 1911 1322 1975 inserta
1349 1915 1426 1974 sunt

260 2025 296 2090 II
319 2025 339 2103 ἓ
359 2029 394 2089 ll
416 2046 462 2111 sq.
487 2022 833 2109 (v.174-182),ubi
856 2023 964 2108 agitur
987 2022 1027 2088 de
1051 2021 1319 2109 coagmentandis
1341 2022 1425 2108 lapi-

261 2135 358 2202 dibus
370 2135 488 2221 quibus
502 2134 684 2221 stylobatas
700 2139 840 2219 tegatur,
862 2133 1041 2220 eademque
1055 2141 1206 2199 accurate
1223 2139 1426 2221 repetuntur,

260 2248 325 2312 nisi
348 2246 435 2333 quod
464 2251 596 2333 praeter
618 2251 785 2310 curatores
814 2246 869 2330 qui
891 2267 1016 2333 poenas
1039 2247 1185 2332 irrogent
1206 2246 1426 2312 boeotarchao

261 2379 390 2446 quoque
419 2358 636 2444 appellantur.
687 2355 720 2421 id
748 2377 821 2422 eam
850 2357 891 2422 ab
922 2378 1054 2423 causam
1082 2358 1203 2424 factum
1231 2380 1305 2424 esse
1336 2364 1426 2445 puto,

261 2470 347 2558 quod
370 2490 471 2557 opera
494 2469 551 2534 illa
581 2468 622 2533 ad
648 2468 754 2555 ipsam
777 2468 893 2534 aedem
916 2471 1083 2556 pertinent
1116 2492 1213 2557 quam
1242 2470 1318 2536 indo
1352 2493 1428 2558 per·

263 2583 419 2670 spicimus
443 2604 486 2648 ex
500 2581 633 2647 Boeotii
648 2580 791 2648 foederis
808 2582 938 2647 concilii
955 2583 1024 2648 sivo
1042 2583 1238 2669 contionis³)
1262 2585 1428 2649 sententia

264 2696 400 2762 exstrui.
454 2715 532 2780 crgo
571 2693 791 2758 boeotarchao
825 2695 1005 2758 communis
1039 2693 1183 2760 foederis
1215 2696 1427 2781 magistratus

264 2807 418 2894 operibus
434 2827 518 2892 quae
535 2805 577 2870 ad
591 2806 696 2892 ipsam
712 2804 829 2870 aedem
844 2805 1010 2892 pertinent
1033 2807 1155 2893 pariter
1171 2813 1269 2893 atque
1284 2807 1426 2873 Athenis

263 2926 396 3007 praeter
419 2923 586 2983 curatores
604 2923 737 2983 senatus
754 2923 919 3002 praesunt.
952 2916 1029 2981 inde
1052 2924 1162 2983 autem
1185 2918 1271 3004 quod
1295 2920 1426 2985 omnino

263 3033 322 3097 illa
335 3036 514 3118 praecepta
529 3035 663 3094 nostrae
677 3028 883 3115 inscriptioni
893 3028 945 3093 bis
960 3029 1085 3094 inserta
1101 3036 1186 3111 sunt,
1205 3053 1245 3096 ea
1257 3033 1428 3119 exemplar

265 3141 395 3228 aliquod
417 3141 542 3207 referre
565 3140 781 3228 probabiliter
803 3141 959 3226 colligere
982 3141 1069 3206 licet.
1114 3147 1211 3228 atque
1239 3165 1312 3209 cum
1333 3146 1428 3230 leges

264 3253 438 3321 locationis
460 3253 616 3318 nonnulla
631 3251 818 3316 contineant
831 3258 1011 3339 praecepta
1034 3231 1117 3338 quae
1133 3254 1185 3318 his
1201 3255 1426 3321 instrumentis

265 3391 331 3435 non
354 3373 430 3434 sunt
451 3366 593 3454 propria,
616 3365 714 3429 immo
737 3365 771 3428 in
795 3364 946 3429 omnibus
964 3365 1181 3431 elocutionum
1200 3367 1426 3434 instrumentis

338 3601 358 3669 ¹)
377 3615 444 3656 cave
467 3614 503 3653 ne
519 3597 605 3652 verba
625 3596 674 3651 τόν
690 3596 731 3668 μή
748 3598 955 3670 πειθαρχοῦντα
978 3597 1014 3652 ad
1032 3600 1172 3655 curatores
1191 3603 1316 3670 spectare
1337 3605 1428 3673 putes.

267 3685 313 3756 (cf.
331 3686 366 3742 V.
383 3685 575 3755 Heydemann‚
594 3684 629 3739 de
648 3686 748 3739 senatu
765 3683 987 3748 Atheniensium,
1005 3685 1121 3754 Argent.
1141 3687 1215 3751 1880,
1234 3707 1261 3757 p.
1279 3688 1314 3742 28
1332 3693 1384 3759 sq.)

337 3792 358 3855 ¹)
376 3787 572 3861 προςλιτεῐν
585 3789 621 3853 (v.
633 3785 687 3855 23).
712 3786 743 3840 in
761 3785 847 3841 titulo
864 3802 938 3840 anno
950 3803 977 3855 p.
991 3786 1052 3841 Chr.
1065 3805 1092 3841 n.
1106 3788 1139 3842 79
1153 3789 1256 3859 scripto
1275 3791 1429 3849 Laodiceae

266 3876 377 3944 reperto
395 3873 462 3929 (ΗΘ.
480 3874 549 3929 3935
566 3891 592 3927 v.
611 3873 628 3927 3
645 3872 679 3927 τὰ
696 3871 898 3944 apostoticam
915 3873 964 3926 τοῦ
981 3870 1064 3945 ἔργου
1081 3874 1171 3943 operis
1189 3875 1346 3946 imperfecti
1364 3881 1430 3934 sunt

266 3963 361 4030 partes
378 3961 465 4024 otiam
482 3959 673 4015 exstruendae.
700 3959 734 4015 cf.
751 3959 915 4014 Aristoteles
933 3959 988 4029 pol.
998 3959 1052 4013 VII
1068 3960 1099 4014 ll
1118 3963 1201 4015 extr:
1219 3962 1252 4015 ro
1269 3965 1430 4036 προςλεῖπον

266 4049 314 4117 τῆς
332 4047 441 4118 φύσεως
459 4043 642 4118 ἀναπληροῦν.
672 4047 734 4102 loco
751 4047 786 4102 dc
804 4063 860 4115 quo
877 4046 987 4116 agimus
1004 4045 1175 4119 προςλείπειν
1193 4051 1235 4102 est
1252 4050 1429 4120 aliquantum

266 4135 343 4188 ultra
360 4149 519 4187 mensuram
535 4133 701 4202 relinquere,
719 4133 737 4186 i.
749 4149 771 4187 e.
789 4149 847 4187 non
864 4131 1014 4201 sculpendo
1032 4132 1191 4201 praecidere
1210 4135 1365 4206 (augeben).
1393 4139 1430 4192 ad

267 4217 408 4292 συναιρεῖν
424 4218 503 4273 verbi
524 4218 757 4289 significationem
779 4218 976 4272 illustrandam
999 4217 1031 4273 cf.
1055 4219 1147 4274 locum
1165 4219 1214 4289 qui
1232 4222 1337 4292 legitur
1354 4225 1430 4294 apud

267 4304 417 4374 Polybium
434 4305 464 4359 in
485 4304 547 4359 libr.
566 4305 592 4359 X
610 4307 651 4370 11,
669 4306 699 4360 4:
725 4304 752 4372 (ὅ
768 4303 909 4377 περίβολος
928 4305 976 4374 τῆς
992 4304 1106 4370 πόλεως)
1129 4307 1181 4359 νῦν
1205 4306 1236 4360 dd
1257 4306 1304 4361 καὶ
1324 4311 1430 4379 μᾶλλον

267 4391 309 4447 ἔτι
325 4392 483 4466 συνῄρηται.

339 4481 360 4566 ⁸)
379 4495 412 4550 ef.
431 4495 550 4561 noenu,
569 4494 636 4550 cre.
654 4494 707 4548 vor.
729 4494 787 4563 lp.
806 4492 865 4546 roo.
