3310 5254
720 475 934 540 ...53-

337 660 550 749 Paragrapbo
586 651 703 749 quarta
734 665 778 748 (v.
809 663 1004 752 125-145)
1034 670 1203 731 curatores
1232 668 1411 751 exponunt,

249 772 412 858 quomodo
437 774 562 860 lapides
586 776 684 862 positi
707 797 745 840 ac
768 775 907 863 perfecti
930 777 998 857 (kk,
1022 773 1053 843 oi
1076 773 1218 861 κείμενοι
1241 775 1298 842 καὶ
1320 776 1412 856 τέλος

248 879 373 965 {bonnac
396 907 426 952 r.
459 886 532 972 127)
564 888 597 950 in
624 893 717 974 parte
748 888 856 952 antica
884 888 950 974 (fig.
981 891 1015 970 2,
1045 889 1103 975 un)
1134 888 1305 975 sculpendi
1336 888 1410 954 siut.

248 1004 424 1083 antequam
436 999 562 1086 lapides
577 1001 768 1086 praecidere
780 1002 895 1088 possit,
911 1000 1099 1087 redemptor
1114 1001 1218 1066 lineas
1233 1000 1410 1066 secuudum

247 1110 350 1175 linum
373 1117 547 1176 extensum
570 1111 689 1177 ducere
722 1112 821 1178 debet
855 1135 936 1198 quas
972 1115 1006 1179 in
1034 1113 1212 1200 sculpendo
1246 1118 1409 1198 sequatur.

247 1223 387 1310 primum
425 1224 525 1308 igitur
558 1224 661 1290 linum
691 1219 766 1314 (τὴν
790 1222 910 1313 λινέην)
945 1227 978 1291 in
1006 1225 1152 1313 lapidum
1185 1225 1357 1311 superficie
1390 1246 1411 1289 a

248 1335 379 1400 sinistra
408 1342 502 1421 parte
531 1342 621 1402 recte
653 1335 811 1402 extendet
839 1339 954 1423 aequis
982 1338 1163 1403 intervallis
1186 1359 1206 1402 a
1228 1336 1408 1402 meridiano

247 1448 350 1512 cellae
373 1448 497 1534 pariete
527 1448 585 1534 (ll)
610 1449 661 1514 cui
687 1449 813 1537 lapides
837 1448 979 1536 adpositi
1002 1455 1077 1515 sunt
1099 1449 1240 1531 distans,
1269 1455 1302 1515 et
1323 1449 1410 1514 ultra

247 1560 350 1624 cellae
378 1560 539 1645 parietem
569 1561 604 1625 in
635 1566 729 1648 parte
761 1560 878 1625 dextra
904 1582 1002 1647 super
1033 1553 1090 1626 eos
1122 1581 1249 1646 quoque
1281 1560 1408 1647 lapides

248 1672 301 1757 qui
329 1672 363 1735 in
399 1671 557 1758 prodomo
589 1673 741 1737 collocati
773 1678 849 1737 sunt
880 1671 935 1758 (cf.
966 1673 1021 1758 fig.
1048 1677 1088 1756 1).
1146 1671 1264 1738 deinde
1301 1673 1407 1739 lineas

248 1782 347 1848 ducet
371 1783 550 1848 secundum
566 1785 669 1849 linum
693 1791 866 1849 extensum
889 1785 942 1849 vel
963 1785 1072 1870 potius
1087 1784 1147 1848 lini
1169 1783 1299 1849 rubrica
1313 1785 1407 1850 tincti

247 1916 309 1982 ope
332 1895 366 1959 in
389 1895 553 1982 lapidibus
577 1897 727 1962 omnibus
750 1897 818 1982 (fig.
842 1899 871 1978 2,
894 1895 926 1960 A
940 1934 954 1945 -
969 1895 1065 1981 --B)
1090 1902 1123 1962 et
1150 1897 1198 1961 cis
1226 1896 1281 1981 qui
1304 1897 1407 1962 cellae

245 2007 364 2093 parieti
379 2007 522 2094 adpositi
545 2014 579 2074 et
602 2009 650 2073 eis
675 2009 729 2094 qui
751 2008 785 2073 in
802 2008 959 2094 prodomo
976 2008 1127 2073 collocati
1151 2014 1235 2074 sunt.
1268 2029 1406 2094 cumque

245 2119 397 2184 nimirum
420 2121 531 2205 magni
555 2121 597 2185 sit
618 2121 785 2203 momenti,
809 2120 971 2205 quomodo
994 2121 1101 2186 lineae
1124 2120 1304 2186 secundum
1325 2142 1406 2207 quas

245 2230 372 2318 lapides
388 2231 619 2318 praecidantur
639 2231 756 2298 ductae
774 2233 848 2314 sint,
872 2233 1069 2299 architectus
1086 2233 1286 2320 redemptori
1301 2235 1406 2300 lineas

245 2341 446 2408 describenti
468 2343 585 2409 adesse
602 2343 745 2410 debebit.
781 2343 898 2410 deinde
922 2351 1013 2411 tanta
1026 2346 1171 2434 lapidum
1195 2367 1270 2431 pars
1286 2352 1407 2431 quanta

244 2456 332 2520 ultra
361 2455 482 2520 lincam
511 2454 708 2542 descriptam
732 2455 777 2540 (A
799 2457 842 2541 B)
866 2458 1033 2523 subsiciva
1061 2464 1112 2524 est
1135 2458 1202 2544 (fig.
1227 2459 1339 2540 2,00,
1366 2450 1405 2523 τὸ

245 2561 421 2654 πρόςεργον
449 2589 479 2633 v.
511 2565 585 2654 131)
614 2567 793 2654 sculpendo
823 2568 971 2634 adhibita
1000 2569 1134 2634 dolabra
1163 2560 1249 2652 (ἀπὸ
1277 2567 1406 2634 κολαπ-

244 2679 357 2768 τῆρος)
372 2680 584 2766 praeciditur.
618 2681 665 2746 ita
687 2680 875 2767 redemptor
898 2687 1022 2746 tautam
1037 2681 1183 2768 lapidum
1200 2680 1407 2746 latitudinem

246 2792 363 2874 efficit,
393 2798 515 2878 quanta
543 2813 604 2878 per
631 2792 752 2857 lineum
781 2799 958 2879 praesente
986 2793 1165 2860 architecto
1194 2793 1325 2858 ductum
1348 2791 1406 2860 dc·

245 2903 337 2968 finita
366 2910 418 2969 ast
448 2898 591 2990 (πλάτος
622 2903 730 2969 ποιῶν
762 2898 801 2970 τὸ
836 2901 937 2970 δοθέν
964 2925 994 2970 r.
1020 2903 1107 2992 132).
1163 2911 1266 2971 totam
1294 2910 1405 2973 autem

246 3015 487 3102 praecisionem
509 3021 632 3081 rectam
655 3020 689 3080 ct
702 3021 925 3081 mucronatam
942 3009 1108 3104 (ὀξυώρια,
1125 3039 1155 3083 v.
1174 3018 1248 3102 133)
1266 3006 1420 3084 redderc'

244 3127 352 3196 debet.
398 3134 548 3214 apertum
570 3127 657 3193 enim
684 3133 736 3193 est
762 3127 907 3213 lepidum
929 3128 1071 3194 frontem
1094 3130 1197 3195 multo
1220 3115 1404 3197 accuratius

244 3239 340 3325 dirigi
355 3240 513 3326 potuisse,
537 3260 611 3304 cum
632 3239 759 3326 lapides
778 3240 928 3305 collocati
944 3246 977 3306 ct
991 3241 1076 3306 intcr
1091 3262 1127 3306 se
1145 3241 1290 3326 colligati
1307 3242 1404 3307 simul

244 3373 357 3416 omncs
383 3350 665 3437 praeciderentur,
695 3373 792 3437 quem
823 3351 852 3416 si
877 3351 1004 3438 lapides
1035 3357 1132 3418 autea
1163 3352 1283 3417 circum
1318 3353 1404 3419 circa

244 3463 362 3549 sculpti
377 3462 527 3528 collocati
551 3467 671 3528 essent.
705 3468 872 3528 curatores
888 3483 917 3528 r.
937 3467 996 3530 138
1013 3486 1083 3551 sqq.
1106 3465 1345 3551 praescribunt,
1367 3471 1404 3530 ut

242 3575 405 3662 lapidibus
428 3567 498 3641 ἀπὸ
521 3574 730 3662 sonasque
752 3575 909 3661 praecisis
932 3576 1071 3662 primum
1095 3577 1189 3663 signa
1212 3565 1403 3664 sculpantur

242 3709 301 3774 per
323 3708 474 3773 asperam
497 3685 643 3774 lapidum
666 3687 874 3773 superficiem
897 3687 931 3752 in
954 3688 1110 3774 cuiusque
1133 3688 1246 3754 lateris
1273 3688 1402 3755 adversi

243 3799 389 3884 margine
414 3797 530 3864 dextro
555 3805 589 3865 et
612 3799 744 3864 sinistro
769 3799 837 3884 (fig.
854 3805 883 3882 5,
907 3799 974 3886 qq),
997 3801 1020 3868 i.
1036 3821 1064 3866 e.
1088 3801 1120 3865 in
1150 3807 1288 3887 utraque
1313 3822 1401 3866 com-

241 3912 369 3998 paginis
392 3916 485 3997 parte
510 3909 655 3996 (πρῶτον
681 3908 836 3992 διαξέσας
862 3907 1000 3998 σημείας
1022 3908 1116 4000 παρὰ
1137 3911 1224 4001 rotis
1246 3905 1399 4002 ἆρμοῖςΗ

241 4015 318 4088 καθ’
333 4019 471 4088 ἕκαστον
485 4024 549 4088 τῶν
563 4019 670 4089 λίθων
686 4046 715 4090 v.
736 4026 796 4090 138
810 4023 871 4110 sq.)
895 4024 937 4090 ad
952 4046 1099 4090 normam
1114 4030 1204 4092 recte
1223 4027 1402 4093 secundum

239 4135 362 4200 lineam
384 4133 583 4222 descriptam
607 4133 709 4221 (ΑΒ),
743 4136 789 4201 ita
816 4143 854 4201 ut
881 4137 962 4202 recti
989 4136 1171 4204 efficiantur
1194 4140 1305 4226 anguli
1328 4161 1401 4205 cum

239 4246 385 4333 lapidum
409 4247 590 4332 superficie.
636 4248 753 4334 quibus
777 4249 879 4335 signis
903 4255 1062 4336 quatenus
1084 4271 1197 4336 margo
1219 4257 1400 4338 perpetuus

239 4357 273 4421 in
297 4377 450 4443 suprema
465 4356 619 4423 frontium
634 4365 727 4445 parte
752 4358 819 4446 (fig.
833 4364 852 4423 5
864 4382 919 4447 pp,
936 4361 975 4426 cf.
988 4361 1043 4446 fig.
1055 4360 1087 4446 3)
1110 4362 1323 4448 laevigandus
1347 4364 1399 4447 sit,

241 4473 392 4537 accurate
407 4468 568 4536 definitur.
606 4471 755 4540 versibus
778 4471 865 4538 cuim
883 4474 943 4537 133
955 4494 1023 4559 sqq.
1044 4479 1211 4540 curatores
1232 4480 1399 4562 exponunt
