3310 5254
692 439 906 514 ..33...

216 634 301 722 quod
325 635 425 704 sciam
449 639 530 706 tocti
551 647 679 729 portem
699 640 875 726 significat:
899 639 939 704 cf.
954 636 1154 723 Bekkerum,
1178 635 1303 706 Anccd.
1320 633 1377 706 Gr.

214 771 246 835 p.
256 752 332 814 302:
356 749 538 842 στρυισῆρές
549 747 634 819 εἰσιν
647 746 690 818 τὰ
701 747 803 839 μικρὰ
815 747 947 818 δοκίδια
959 745 1007 828 εἶς
1018 741 1143 839 ὀροφὰς
1155 749 1375 839 πεποιημένα.

215 863 308 928 cuius
332 864 485 929 vocabuli
507 865 659 951 exempla
682 866 790 931 omnia
813 887 896 950 quac
919 864 1128 951 reperiuntur
1150 865 1259 928 attulit
1282 864 1320 930 O.
1336 863 1375 932 Ο.

213 973 384 1056 Miillcrus,
408 975 448 1040 de
471 977 682 1043 munimentis
698 975 902 1042 Athenarum
924 998 956 1062 p.
972 979 1014 1040 54
1025 998 1106 1062 sqq.,
1130 977 1248 1061 quibus
1272 973 1372 1042 addas

215 1086 416 1172 epigramma
439 1087 609 1174 Syriacum
624 1088 672 1154 Lo
687 1087 998 1174 Bas-Waddington
1014 1091 1097 1152 2244
1114 1087 1249 1172 (Kaibel
1264 1090 1374 1174 1058):

216 1198 406 1288 στρωτῆρας
420 1199 517 1266 τοῦδε
538 1195 643 1284 δόμου
665 1195 841 1289 τεκτήνατο
855 1192 978 1278 ’Ἀδδος
996 1193 1175 1286 Ταροέδου.
1189 1235 1232 1247 -
1254 1199 1375 1266 *κατα-

214 1311 408 1399 στρωιῆρες,
440 1312 481 1376 δε
515 1313 632 1398 quibus
656 1335 741 1378 nuno
770 1312 902 1378 demum
929 1312 1166 1399 comperimus,
1200 1312 1235 1376 in
1264 1319 1377 1378 nostra

213 1420 426 1508 inscriptione
455 1424 526 1490 siue
556 1423 655 1490 dubio
682 1425 863 1511 pavimenti
892 1423 1019 1509 lapides
1050 1429 1135 1488 sunt.
1162 1459 1205 1470 -
1234 1423 1374 1509 denique

214 1533 377 1618 subiungo
406 1535 605 1601 adiectivum
632 1530 866 1621 λιθόστρωτος,
890 1534 1055 1621 lapidibus
1079 1521 1215 1616 stratus,
1240 1541 1273 1600 ct
1297 1536 1374 1601 sub-

215 1646 393 1710 stantivum
414 1646 491 1712 inde
516 1646 699 1714 derivatum
720 1642 759 1713 τδ
781 1641 1020 1733 λιθόστρωτον,
1044 1647 1266 1734 pavimentum
1290 1648 1373 1733 lapi-

213 1755 308 1820 dibus
332 1763 456 1822 tcctum
485 1757 582 1840 (Plin.
605 1757 756 1823 XXXVI
781 1761 855 1840 184,
881 1761 969 1841 189),
998 1757 1084 1843 quod
1110 1759 1232 1844 legitur
1260 1760 1294 1822 in
1324 1758 1374 1824 in·

215 1869 393 1954 scriptione
414 1869 534 1955 Cypria
550 1869 637 1935 OIG.
655 1873 757 1934 2643:
781 1861 852 1936 ἀπὸ
874 1871 934 1936 τοῦ
951 1863 1091 1956 Ἡραίου
1114 1867 1176 1948 tog
1196 1871 1255 1936 τοῦ
1276 1869 1375 1936 λιθο-

213 1974 387 2066 στρ[ιδ]του
400 1978 551 2066 (traditur
559 1974 793 2068 λιδοστράτου)
803 1975 845 2046 τὰ
857 1977 972 2066 δένδρα
978 1974 1130 2064 Αἴσιμος
1143 1975 1299 2069 ἒφέντευσε
1308 1977 1373 2048 ard.

300 2090 343 2158 V.
357 2094 415 2155 90:
439 2087 681 2178 νιερέσεασις
704 2092 760 2176 (oi.
784 2115 814 2157 v.
831 2094 872 2157 93
889 2090 952 2179 sq.)
976 2093 1053 2178 quid
1077 2094 1128 2175 sit,
1151 2093 1307 2160 discimus
1332 2115 1375 2159 ex

211 2203 345 2289 Polybii
368 2205 439 2268 loco
456 2202 504 2268 VI
527 2206 578 2280 31,
604 2208 618 2267 1
644 2205 698 2284 (cf.
724 2208 756 2280 73
782 2209 836 2281 14;
859 2209 911 2286 41,
928 2208 965 2283 2;
988 2205 1109 2271 Athen.
1134 2206 1166 2273 V
1187 2229 1220 2293 p.
1245 2209 1307 2270 205
1330 2205 1374 2292 B)

212 2315 267 2400 qui
290 2315 323 2378 in
347 2313 573 2380 describendis
590 2316 706 2380 castris
730 2315 792 2380 hoc
814 2316 974 2382 uocabulo
998 2317 1100 2382 utitur
1123 2339 1186 2402 quo
1210 2318 1373 2403 significet

211 2447 322 2491 arcam
345 2447 430 2510 quac
459 2427 635 2491 tentorium
658 2426 845 2492 circumdat.
893 2428 1006 2493 confer
1033 2429 1257 2516 inscriptionis
1288 2429 1372 2494 Sici-

210 2539 324 2604 licnsis
355 2537 441 2604 OIG.
465 2541 549 2603 5594
572 2540 680 2604 locum
704 2542 769 2605 a?
794 2561 877 2625 sqq.:
905 2534 958 2623 (τὸ
980 2536 1114 2626 χωρίον)
1138 2577 1154 2586 -
1173 2579 1190 2588 -
1206 2577 1223 2588 -
1244 2535 1282 2606 τδ
1305 2533 1372 2607 διεδ
1433 2584 1436 2590 ,

210 2645 266 2716 τὸν
296 2643 408 2731 ὀχετὸν
440 2642 513 2736 ι’ίχρι
543 2647 625 2716 nori
653 2645 714 2716 τὰν
741 2645 860 2738 κράναν
879 2655 884 2734 Ι
904 2689 921 2699 -
940 2691 958 2701 -
974 2691 991 2700 -
1018 2645 1078 2718 οὐκ
1104 2649 1287 2739 ε’ρμαξεῖται
1315 2649 1373 2718 καὶ

210 2757 407 2848 περίστασιν
429 2755 633 2851 ἆςιυσεῖταμ]
655 2761 660 2850 Ι
680 2757 820 2848 πό(δας)
843 2788 861 2830 o
883 2763 995 2830 παντᾶ
1018 2770 1052 2829 et
1074 2785 1103 2830 v.
1129 2768 1168 2829 70
1191 2786 1254 2850 sq.:
1277 2760 1373 2852 περέ-

211 2895 328 2953 στασις
348 2874 396 2960 τῷ
418 2869 627 2961 ἐλαιοκομέῳ,
650 2868 685 2940 εἴ
694 2869 747 2953 τίς
768 2873 848 2956 ἐστι,
873 2870 943 2963 ἱερὰ
965 2872 1092 2956 ἕπεται,
1116 2877 1208 2941 cuius
1231 2877 1317 2941 tituli
1340 2876 1374 2940 in

212 2986 444 3052 commentario
484 2986 642 3052 Francius
678 2987 875 3052 uocabulum
913 2986 995 3051 illud
1033 2987 1266 3074 interpretatus
1302 2992 1371 3053 cst:

212 3099 365 3184 ,spatium
394 3119 532 3162 vacuum
563 3099 794 3166 circumcirca‘.
838 3091 859 3188 ἡ
887 3093 1083 3185 περέστασις
1111 3100 1172 3165 τοῦ
1202 3099 1304 3187 σηκοῦ
1331 3101 1372 3166 δε

213 3216 302 3276 certo
325 3211 397 3274 loco
414 3217 528 3297 saepto
546 3211 769 3296 intellegenda
792 3232 866 3276 csse
883 3211 1020 3292 videtur,
1044 3217 1080 3277 ut
1099 3213 1131 3276 in
1147 3213 1242 3276 titulo
1258 3213 1371 3277 Attico

212 3321 299 3387 (tm.
322 3322 357 3386 II
380 3325 442 3386 628
466 3343 496 3390 v.
521 3325 561 3386 26
585 3343 669 3408 sqq.:
695 3316 754 3412 τὴν
776 3317 978 3410 κατασκευὴν
999 3322 1059 3388 τοῦ
1080 3321 1231 3406 τεμένους
1253 3319 1372 3414 ἐποιή-

212 3455 296 3500 σατο
324 3432 381 3499 καὶ
409 3429 466 3500 τὸν
492 3425 697 3520 ἀνευρημένον
723 3427 790 3500 ὑπὸ
812 3433 871 3522 τῆς
892 3429 1118 3520 περιστάσεως
1138 3430 1250 3520 βιυμδν
1273 3428 1372 3514 αἰτδς

211 3541 313 3611 πάλιν
327 3539 564 3632 καθιδρύσατο,
587 3547 645 3610 ubi
664 3538 684 3634 ἡ
701 3541 896 3632 περέστασις
918 3546 959 3611 ab
977 3566 1055 3611 aron
1071 3567 1154 3632 quac
1170 3547 1285 3612 aedem
1310 3548 1372 3612 cir-

212 3657 343 3724 cumdat
371 3655 532 3741 (τέμενος)
562 3665 675 3745 aperte
703 3657 923 3744 distinguitur.
953 3696 995 3706 —
1023 3652 1122 3745 σηκόν
1149 3665 1260 3724 autem
1292 3660 1372 3724 satis

212 3776 340 3836 constat
362 3771 476 3857 templi
501 3771 617 3836 cellam
638 3770 749 3836 vocari
771 3769 826 3856 (cf.
840 3771 901 3835 Iul.
920 3771 1075 3836 PolluxI
1098 3768 1133 3856 6)
1156 3792 1254 3857 quam
1276 3767 1373 3858 περί-

211 3903 327 3960 στασις
349 3883 508 3947 columnis
532 3887 646 3970 saepta
669 3881 855 3948 circumdat.

296 3995 336 4060 V.
350 3997 406 4058 91:
429 3986 450 4082 ἡ
468 3989 603 4080 μακρὰ
620 3988 781 4080 πλευρά
801 3993 899 4079 (cdv.
918 3995 970 4075 94,
983 3991 1038 4079 99)
1059 4013 1124 4066 non
1143 3983 1245 4060 cellae
1262 3995 1372 4080 parics

210 4106 409 4171 meridianus
421 4110 482 4188 est,
497 4105 556 4170 scd
570 4105 711 4171 aedificii
723 4105 823 4170 totius
836 4106 922 4170 latus
936 4105 1080 4190 longum.
1103 4105 1217 4170 titulus
1229 4107 1371 4172 Lesbius
1487 4086 1493 4094 ¹

210 4238 231 4282 a
254 4217 392 4304 Cyriaco
416 4223 564 4284 seruatus
589 4217 740 4304 (prom.
764 4217 866 4304 epigr.
890 4217 925 4281 II
947 4239 979 4303 p.
1003 4221 1022 4280 5
1052 4217 1101 4284 tit.
1124 4216 1219 4303 XVI)
1242 4239 1306 4303 quo
1329 4217 1371 4286 de

209 4328 421 4395 fundamento
448 4329 564 4416 templi
592 4329 769 4396 reficiendo
798 4330 906 4415 agitur
931 4329 1091 4415 incipite
1118 4328 1243 4395 verbis:
1271 4325 1369 4417 κατὰ]

209 4435 247 4508 τὸ
257 4436 382 4528 μακρὸν
393 4434 533 4528 πλευρὸν
543 4435 582 4508 τὸ
593 4435 679 4528 πρὸς
689 4439 815 4529 βορέαν,
828 4442 863 4506 in
874 4443 973 4528 longo
985 4443 1088 4509 latere
1102 4441 1370 4528 septemtrionali.
1395 4457 1398 4466 ’
