3310 5254
692 418 906 503 ..td-

303 620 343 692 Iu
364 626 569 715 paragrapho
599 627 704 715 prima
731 628 797 694 alia
820 647 949 713 quoque
979 628 1095 714 quibus
1123 626 1250 715 lapides
1280 613 1379 715 paulo

219 742 405 806 accuratius
429 741 630 806 definiuntur
651 741 774 828 scripta
797 747 888 805 sunt:
920 762 977 805 eos
1001 740 1168 806 faciendos
1192 762 1266 808 esse
1290 740 1381 805 adhi-

219 853 289 918 bito
312 852 422 940 lapide
452 852 534 918 duro
556 852 747 919 Lebadensi
773 853 865 918 cuius
899 852 985 938 quod
1008 854 1110 918 sciam
1139 853 1218 918 alibi
1247 874 1314 918 non
1344 853 1382 918 fit

218 964 393 1047 menti01),
416 986 551 1031 numero
575 965 743 1047 tredecim,
766 964 885 1030 iisdem
908 964 1167 1030 dimensionibus
1192 965 1311 1051 quibus
1333 966 1381 1030 la-

217 1076 312 1163 pides
336 1085 435 1142 antea
456 1079 583 1164 positos
612 1084 646 1143 et
667 1078 845 1164 perfectos.
889 1078 1048 1144 tredecim
1077 1079 1163 1143 enim
1186 1077 1231 1163 (v.
1247 1080 1306 1142 133
1321 1081 1381 1163 sq.)

217 1190 486 1278 καταστρωτῆρες
514 1191 579 1255 iam
611 1191 763 1255 collocati
797 1197 873 1255 sunt
911 1191 945 1256 in
976 1191 1074 1276 longo
1103 1190 1244 1255 aedificii
1277 1191 1381 1256 latere

218 1301 399 1367 meridiano
438 1303 554 1388 quibus
591 1303 667 1368 novi
708 1303 834 1389 lapides
870 1301 1028 1368 tredecim
1061 1302 1263 1387 adiungendi
1297 1308 1381 1367 sunt.

219 1433 292 1478 cum
318 1436 361 1479 ex
382 1416 455 1480 loco
479 1414 519 1480 de
544 1437 607 1500 quo
631 1416 774 1500 agimus,
797 1422 866 1480 tum
890 1436 933 1480 ex
954 1414 1160 1501 paragrapho
1184 1421 1300 1499 quarta
1322 1435 1381 1500 ap-

218 1530 314 1611 paret
347 1525 474 1611 lapides
505 1532 636 1592 veteres
672 1526 714 1591 ad
745 1525 893 1592 ordinem
932 1527 1075 1613 priorem
1110 1533 1245 1614 propter
1277 1527 1381 1591 cellae

219 1638 380 1722 parietem
405 1638 471 1722 (fig.
500 1641 527 1716 1,
550 1640 579 1719 2,
602 1639 631 1720 3,
650 1638 686 1720 il)
711 1643 914 1704 exstructum
937 1640 1102 1724 pertinere
1127 1637 1184 1724 (ib.
1199 1638 1260 1724 kk)
1284 1644 1381 1724 atque

220 1768 324 1813 novos
347 1747 474 1834 lapides
498 1746 592 1832 (mm)
615 1749 784 1814 veteribus
816 1750 863 1814 ita
886 1771 960 1815 asse
984 1749 1219 1835 adiungendos,
1241 1755 1278 1814 ut
1300 1750 1384 1815 alter

220 1860 298 1924 ordo
333 1859 502 1925 efficiatur.
556 1881 751 1946 quamquam
781 1860 900 1947 prioris
932 1861 1055 1926 ordinis
1085 1860 1213 1945 lapides
1243 1861 1384 1946 perfecti

220 1969 327 2053 (τέλος
358 1966 497 2053 ἔχοντες)
527 1971 695 2054 dicuntur,
729 1978 838 2037 tamen
868 1993 981 2038 eorum
1008 1971 1133 2037 frontes
1163 1971 1308 2036 nondum
1336 1972 1384 2036 ita

221 2084 408 2170 praeparati
424 2089 509 2165 sunt,
531 2090 568 2148 ut
590 2084 667 2148 novi
681 2084 949 2171 καταστρωτῆρες
971 2084 1136 2170 prioribus
1155 2084 1266 2148 statim
1280 2083 1382 2169 adap-

220 2197 283 2260 tari
313 2195 442 2283 possint
474 2195 528 2277 (cf.
552 2195 607 2280 fig.
636 2193 747 2281 hun).
802 2195 888 2260 infra
917 2196 1004 2260 enim
1031 2196 1238 2282 paragrapho
1269 2201 1384 2281 quarta

221 2313 388 2373 curatores
411 2307 628 2394 praecipiunt,
652 2307 814 2392 quomodo
837 2308 964 2394 lapides
982 2308 1091 2393 priore
1113 2314 1262 2395 tempora
1283 2308 1385 2395 positi

220 2421 253 2484 in
275 2426 368 2507 parte
391 2420 500 2485 antica
521 2419 735 2507 praecidendi
759 2421 834 2502 sint,
861 2441 944 2506 quae
968 2427 1147 2508 praecepta
1169 2420 1253 2485 infra
1276 2421 1382 2508 expli-

221 2533 378 2597 cabimus.
424 2532 575 2596 similiter
601 2533 688 2597 inter
716 2533 818 2597 celiae
849 2532 1009 2618 parietem
1037 2539 1070 2596 et
1098 2534 1266 2597 columnas
1298 2554 1383 2618 quae

220 2645 395 2710 intercedit
419 2645 603 2730 stylobatae
625 2665 701 2730 pars
725 2643 851 2710 duobus
876 2644 1022 2731 lapidum
1052 2643 1221 2710 ordinibus
1252 2646 1384 2710 obtecta

222 2763 273 2822 est
295 2762 328 2822 et
350 2757 384 2821 in
407 2757 480 2822 aliis
504 2755 641 2822 aedibus
665 2762 698 2820 et
721 2757 755 2820 in
777 2757 997 2823 Parthenone.
1038 2778 1081 2821 ex
1103 2758 1307 2843 paragrapho
1332 2778 1384 2822 se-

222 2868 328 2935 cunda
350 2867 567 2955 perspicimus
591 2867 763 2932 materiam
785 2888 893 2952 neque
917 2867 1119 2954 suppeditari
1141 2891 1247 2955 neque
1264 2869 1383 2933 advehi

221 3003 241 3046 a
263 2981 482 3067 redemptore,
507 2980 604 3045 seda
627 2979 833 3044 curatoribus
856 2981 1103 3067 comprobatam
1120 2988 1254 3068 propter
1275 2982 1384 3068 ipsum

222 3092 408 3160 aedificium
432 3093 463 3158 ei
487 3092 572 3157 tradi
581 3090 621 3178 2).

309 3205 341 3269 A
354 3204 465 3270 verbis
482 3205 613 3290 πρῶτον
627 3201 687 3287 μὲν
701 3201 834 3290 &pyriten
849 3241 866 3250 -
877 3241 894 3250 -
907 3197 968 3282 τὰς
982 3198 1097 3289 βάσεις
1112 3205 1156 3288 (v.
1175 3203 1248 3289 102)
1273 3204 1382 3291 operis

221 3317 364 3383 faciendi
387 3316 564 3402 descriptio
589 3321 742 3382 accurata
763 3316 888 3401 incipit.
923 3317 951 3380 si
975 3317 1154 3381 contuleris
1173 3317 1275 3381 verba
1298 3338 1381 3402 quae

222 3432 377 3516 leguntur
404 3427 610 3515 paragrapho
634 3427 732 3491 tertia
759 3427 893 3491 ineunte
925 3424 970 3512 (v.
999 3427 1073 3514 115)
1104 3425 1237 3512 ἐργᾶται
1267 3425 1382 3492 δὲκαὶ

221 3537 298 3621 τοὺς
325 3534 464 3627 ἆρμούς,
497 3538 625 3603 videbis
657 3537 803 3624 lapidum
837 3532 951 3622 βάσεις
987 3545 1021 3603 et
1050 3531 1189 3623 ἆρμούς,
1222 3541 1320 3605 bases
1349 3547 1382 3604 et

223 3655 327 3719 latera
349 3658 517 3738 quattuor,
544 3651 631 3715 inter
654 3671 690 3714 se
714 3650 861 3736 opponi.'
889 3651 1030 3737 primum
1058 3651 1158 3736 igitur
1189 3652 1381 3737 explicatur,

293 3843 313 3909 ¹)
332 3841 371 3896 De
383 3838 543 3909 lapicidinis
553 3836 759 3891 Lebadensibus
774 3837 807 3891 cf.
816 3836 850 3890 H.
861 3835 1046 3901 Sohiiemann,
1061 3836 1245 3892 Orchomenos
1255 3837 1382 3910 (Leipzig

223 3927 300 3995 1881)
310 3929 440 3997 p.9sqq.:
460 3925 574 3991 ,Hochst
582 3923 770 3993 merkwiirdig
780 3922 842 3977 sind
852 3923 897 3976 die
906 3923 1131 3978 Marmorbrtiche
1140 3923 1172 3976 in
1181 3924 1239 3978 und
1248 3924 1381 3980 eberhalb

223 4012 369 4078 Lebedus,
387 4012 419 4065 in
435 4012 560 4066 walchen
577 4010 647 4064 aller
658 4009 780 4064 Marmor
796 4009 842 4063 fiir
859 4009 904 4062 die
922 4010 999 4064 alten
1011 4009 1121 4064 Bauten
1138 4010 1169 4063 in
1188 4010 1381 4076 Orchomenos,

222 4099 518 4154 undwahrscheinlich
528 4097 600 4152 auch
608 4097 653 4150 fur
666 4097 713 4150 die
721 4096 752 4150 in
762 4096 998 4152 Chaeroneiaund
1007 4097 1129 4151 anderen
1138 4097 1382 4152 Nachbarstadten

221 4187 378 4257 gebrechen
396 4186 499 4240 warde.
527 4185 617 4238 Unter
638 4183 701 4236 dem
719 4183 912 4237 zersetzcnden
930 4183 1048 4238 Einfluss
1067 4183 1116 4237 der
1133 4184 1200 4237 Luft
1221 4184 1273 4237 hat
1292 4183 1382 4237 dieser

221 4274 343 4328 Marmor
366 4273 429 4327 cine
452 4271 606 4326 weissliohe
628 4269 730 4335 derbe,
761 4287 843 4324 wenn
864 4286 930 4323 man
956 4270 1023 4324 aber
1040 4270 1085 4324 ein
1109 4269 1195 4324 scaen
1218 4270 1310 4324 daron
1332 4268 1380 4321 ab·

223 4361 340 4430 achlttgt‚
358 4377 388 4415 ao
407 4359 480 4414 sieht
497 4375 571 4423 man,
589 4357 653 4410 dass
671 4355 720 4410 der
737 4357 828 4411 Bruch
847 4357 909 4410 eine
927 4356 1121 4410 schwarziiche
1138 4355 1227 4410 Farbe
1244 4356 1311 4412 hat‘.

294 4454 471 4525 dmpffi

274 4557 397 4612 Fabricius,
412 4557 439 4599 de
452 4556 599 4599 architectura
611 4554 702 4598 Graeca.
1208 4553 1224 4606 4
