3310 5254
690 397 950 476 '-55-

261 595 395 665 dentato
431 595 533 662 denso
568 602 679 676 acuto,
712 597 813 663 rudus
849 599 994 665 adhibito
1029 601 1157 686 scalpro
1192 599 1309 665 obtuso
1342 589 1427 682 (ἀπὸ

264 707 375 790 ξοΐδος
399 701 612 795 ἇρτιστόμοο)
637 708 752 774 eadem
775 711 902 776 ratione
928 732 993 796 qua
1015 712 1141 798 priores
1166 710 1427 777 substructiones

260 823 326 888 iam
354 823 424 887 solo
454 822 622 885 immissae
653 827 686 886 et
715 821 883 908 perfectae
916 815 1141 909 (ἄκολού]θιος
1171 825 1243 902 τοῖς
1268 819 1428 906 κειμένοις

260 932 317 1002 καὶ
355 932 447 1012 τέλος
478 929 603 1015 ἔχουσι)
633 940 792 999 tractatae
827 941 917 1016 sunt,
958 941 992 1000 et
1022 935 1159 1022 probato
1195 936 1257 1001 rite
1288 936 1426 1021 sculpta.

255 1050 430 1112 'crateutae
465 1047 565 1130 igitur
600 1045 687 1110 baud
718 1045 844 1112 minore
883 1048 1090 1132 laevigantur
1125 1046 1296 1133 diligentie
1330 1068 1427 1132 quam

260 1158 405 1244 lapidum
426 1179 500 1222 mm
517 1159 681 1243 margines
693 1179 730 1222 cc
748 1157 813 1243 (fig.
828 1158 862 1244 3)
877 1159 932 1245 qui
948 1160 996 1224 eis
1011 1135 1201 1246 iinponendi
1212 1166 1302 1236 sunt;
1325 1159 1426 1226 rudus

261 1270 334 1354 (bb)
363 1269 449 1354 quod
480 1271 646 1336 laxatione
676 1270 863 1335 intermissa
892 1269 946 1360 (cf.
971 1272 1025 1356 fig.
1049 1271 1082 1356 4)
1114 1271 1285 1336 abasium
1307 1271 1426 1338 mediis

262 1380 328 1466 (se)
352 1381 544 1467 seiungetur
567 1382 783 1448 instrumento
807 1381 887 1447 duro
910 1388 947 1446 ut
968 1403 1028 1469 par
1056 1387 1107 1448 est
1135 1387 1302 1448 tractatur.
1347 1382 1425 1448 sub-

260 1494 475 1558 structionum
507 1493 684 1580 perfectio,
713 1495 834 1582 quippe
862 1516 945 1580 quae
973 1494 1136 1582 lapidibus
1168 1495 1337 1560 collocatis
1359 1515 1426 1561 non

259 1606 325 1670 iam
340 1606 522 1672 examinari
536 1607 651 1692 possit,
675 1607 773 1672 sicuti
789 1607 934 1692 lapidum
948 1607 1046 1672 bases
1063 1613 1096 1672 et
1111 1607 1215 1672 latera
1231 1604 1274 1691 (v.
1290 1610 1346 1671 161
1362 1608 1425 1694 sq.)

259 1739 298 1786 ao
306 1719 436 1784 vincula
448 1721 491 1802 (v.
504 1721 564 1784 170
577 1721 660 1805 sqq.)
672 1719 877 1784 curatoribus
894 1720 963 1784 sive
974 1719 1161 1784 architectis
1177 1719 1347 1805 probanda
1362 1727 1424 1788 est.

347 1830 535 1916 Sequuntur
549 1837 728 1918 praecepta
750 1830 790 1896 de
807 1831 1005 1896 collocandis
1021 1831 1186 1917 lapidibus
1200 1853 1272 1896 mm
1288 1853 1426 1917 quorum

259 1937 396 2028 ἐργασία
425 1949 557 2028 praeter
580 1949 761 2008 extremam
787 1944 963 2030 polituram
987 1941 1086 2027 (infra
1107 1964 1137 2010 v.
1163 1946 1224 2007 162
1246 1964 1316 2031 sqq.
1338 1949 1425 2010 trao-

259 2053 376 2141 tatam)
398 2054 546 2143 perlecta
574 2061 635 2124 est.
677 2055 865 2143 redemptor
893 2056 948 2141 qui
968 2055 1010 2120 in
1033 2055 1223 2122 collocando
1247 2061 1426 2143 praecepta

259 2172 412 2232 accurate
444 2167 583 2253 exsequi
613 2166 714 2232 debet
743 2166 871 2232 initium
900 2173 1035 2254 aperte
1059 2167 1175 2233 dextre
1197 2167 1311 2252 faciet,
1341 2169 1426 2236 sicut

261 2285 428 2344 curatores
453 2280 522 2344 sive
545 2279 744 2344 architectus
768 2279 800 2344 ei
822 2277 1127 2346 demonstraverint.
1164 2279 1291 2367 lapides
1314 2286 1425 2348 autem

260 2392 306 2457 ita
327 2396 506 2478 ponentur,
534 2396 571 2456 ut
592 2390 816 2476 unusquisque
850 2410 1008 2456 novorum
1037 2391 1145 2456 iaceat
1167 2391 1262 2457 iuxta
1283 2391 1425 2459 frontem

260 2503 378 2589 lapidis
398 2502 439 2568 ed
458 2503 605 2570 ordinem
625 2503 768 2589 priorem
786 2503 981 2590 pertinentis
1005 2499 1075 2587 (ἕνα
1087 2495 1167 2590 ἄμφ’
1186 2495 1290 2588 ἆρμόν
1304 2526 1334 2572 v.
1349 2507 1425 2593 152)

261 2621 294 2680 et
320 2616 355 2680 in
383 2615 558 2701 superficie
586 2616 830 2681 accuratissime
854 2637 889 2681 se
913 2615 1058 2701 applicet
1085 2614 1127 2680 ad
1149 2615 1277 2702 lapides
1299 2617 1426 2704 positos

260 2732 294 2792 ct
316 2726 480 2814 periectos
498 2719 597 2810 (κατὰ
612 2721 757 2815 κεφαλὴν
779 2723 816 2794 δὲ
838 2725 1030 2807 στοιχοῦντα
1044 2723 1131 2813 cloia
1149 2723 1321 2816 κειμένοις]
1343 2728 1348 2814 Ι
1367 2726 1426 2796 καὶ

259 2835 351 2918 τέλος
378 2832 507 2920 clocca
533 2860 562 2904 v.
590 2841 649 2904 153
672 2838 747 2924 sq).
800 2858 937 2904 necesse
969 2842 1079 2902 autern
1116 2844 1167 2904 est
1200 2839 1296 2906 cunei
1322 2839 1425 2926 lignei

259 2951 345 3016 inter
376 2950 505 3037 lapides
542 2949 797 3037 compingendae
826 2950 920 3015 initio
955 2971 1054 3016 mauu
1082 2954 1271 3035 teneantur,
1304 2953 1423 3039 quibus

260 3063 372 3128 cuneis
396 3063 530 3149 opifices
554 3067 744 3144 essentne
767 3061 913 3148 lapidum
934 3061 1100 3147 margines
1118 3062 1281 3130 subtiliter
1304 3067 1424 3153 sculpti

259 3175 293 3240 in
335 3175 487 3262 ponendo
533 3174 799 3261 praefringentur
841 3168 1021 3260 (satellicio
1049 3212 1063 3223 -
1092 3170 1204 3261 -]1ψος
1241 3171 1424 3264 ε’πίοφηνον

259 3308 290 3352 v.
315 3289 377 3352 152
399 3286 473 3373 sq).
519 3287 559 3354 cl.
581 3287 635 3373 fig.
660 3289 679 3352 3
701 3285 758 3350 ubi
781 3285 878 3352 lineis
901 3285 1022 3350 circulo
1046 3285 1150 3352 ductis
1174 3285 1330 3371 indicavi,
1357 3310 1421 3375 quo

259 3398 355 3466 ruodo
377 3399 505 3486 lapides
527 3419 599 3464 mm
623 3396 830 3464 collocandos
854 3395 956 3462 luisse
978 3402 1099 3482 putem.

255 3485 263 3497 ⁸
344 3510 556 3598 Peragrepho
580 3510 720 3596 septima
743 3513 908 3574 curatores
931 3509 1154 3595 praecipiunt,
1178 3514 1214 3574 ut
1236 3507 1423 3597 redemptor

259 3622 333 3688 oleo
361 3642 443 3708 puro
471 3628 506 3687 et
531 3622 636 3709 proba
658 3620 786 3688 rubrica
809 3620 986 3707 Sinopensi
1012 3625 1122 3686 utatur
1149 3620 1267 3707 quibus
1290 3623 1422 3708 regulas

258 3733 300 3798 ad
323 3733 575 3800 examinandam
597 3732 744 3821 lapidum
765 3731 1019 3816 laevigatiouem
1042 3731 1175 3800 oblinat.
1211 3732 1274 3814 ,sin
1293 3734 1421 3818 minus‘,

259 3846 418 3933 inquiunt,
441 3866 530 3928 ,usus
547 3845 610 3910 erit
622 3843 753 3910 rubrica
766 3842 944 3929 Sinopensi
958 3848 1016 3908 aut
1032 3843 1105 3908 cleo
1117 3863 1210 3929 puro,
1232 3845 1422 3912 multabitur

259 3979 279 4025 a
305 3957 509 4026 curatoribus
540 3963 574 4022 et
602 3979 622 4022 a
649 3955 876 4037 boeotarohis‚
910 3975 1017 4040 neque
1048 3960 1124 4020 ants
1155 3955 1187 4022 ei
1217 3957 1304 4026 ullus
1336 3959 1421 4046 lapis

258 4067 405 4157 (plumbo
433 4068 556 4151 infuso)
584 4068 781 4150 firmabitur,
815 4087 912 4154 quem
946 4066 1126 4133 ostenderit
1153 4070 1356 4140 curatoribus
1384 4091 1420 4139 se

257 4183 422 4248 rubricam
441 4182 658 4269 Sinopensem
680 4181 817 4268 probam
840 4186 874 4246 et
896 4181 1005 4247 oleum
1027 4202 1144 4267 purum
1167 4181 1377 4249 adhibuisse.‘

343 4295 453 4359 Etiam
476 4316 516 4359 ea
539 4316 622 4381 quae
654 4292 859 4380 paragrapho
884 4297 999 4358 octava
1021 4291 1066 4379 (v.
1093 4293 1275 4380 159-162)
1299 4295 1421 4381 scripta

260 4414 334 4473 sunt
356 4406 398 4473 ed
420 4407 529 4493 operis
545 4407 771 4493 probationem
783 4405 959 4493 pertinent.
992 4405 1180 4493 redemptor
1192 4407 1279 4472 enim
1292 4407 1420 4496 lapides
