3310 5254
740 441 952 501 „12-

267 655 346 720 licet
367 654 510 740 ingentis
532 655 647 741 templi
667 653 927 720 aedificationem
942 676 1007 719 non
1030 677 1050 720 a
1071 656 1321 722 Lebadensibus
1345 657 1425 721 solis

267 765 326 832 scd
349 787 392 831 ex
414 766 576 831 communi
590 765 721 832 Boeotii
742 765 885 832 foederis
909 767 1072 832 sententia
1094 767 1276 833 institutam
1300 790 1375 835 esse
1388 767 1426 854 l).

351 877 455 944 Recte
474 876 683 943 Gumanudes
707 877 937 944 animadvertit
952 884 1085 944 nostrae
1102 879 1233 945 tabulae
1254 881 1424 945 minimum

266 989 347 1054 duas
370 989 499 1055 tabulas
524 990 648 1056 similes
672 991 809 1056 alteram
830 992 974 1078 priorem
996 993 1133 1056 alteram
1156 999 1362 1079 sequentem,
1391 993 1425 1057 in

267 1103 385 1190 quibus
415 1102 637 1189 inscriptionis
666 1102 794 1167 initium
826 1109 859 1168 et
889 1103 997 1169 exitus
1029 1104 1150 1191 scripte
1180 1111 1308 1186 essent,
1340 1105 1424 1169 anti-

266 1216 376 1301 quitus
398 1213 526 1280 additas
548 1215 661 1280 brisso.
695 1215 730 1278 in
751 1219 888 1301 utroque
911 1216 999 1280 enim
1014 1222 1144 1282 nostrae
1167 1217 1299 1282 tabulae
1320 1219 1424 1283 latere

268 1328 427 1393 foramina
450 1349 533 1415 quae
552 1326 785 1392 commissurae
808 1327 992 1393 tabularum
1006 1330 1203 1396 inservirent
1218 1331 1323 1395 incisa
1339 1351 1424 1410 esse,

266 1440 353 1506 unde
376 1438 591 1527 probabiliter
618 1438 773 1524 colligere
801 1439 902 1505 licere
930 1445 997 1504 tres
1021 1440 1090 1506 sive
1113 1441 1212 1507 etiam
1240 1443 1352 1528 plures
1374 1449 1424 1507 ta·

266 1553 362 1619 bulas
386 1552 465 1617 olim
494 1551 693 1638 compositas
724 1557 758 1617 et
785 1552 872 1618 ferro
894 1552 978 1618 inter
1006 1575 1042 1618 se
1070 1554 1251 1639 conligatae
1274 1555 1423 1638 brissei).

268 1687 352 1753 quae
375 1665 539 1732 sententia
568 1665 667 1730 rebus
698 1665 779 1753 ipsis
803 1665 942 1751 quaein
969 1665 1065 1730 titulo
1093 1667 1233 1754 scriptae
1263 1674 1339 1732 sunt
1360 1690 1425 1734 non

266 1778 384 1844 leviter
407 1777 625 1845 confirmatur.
666 1799 800 1866 opernm
824 1779 911 1842 enim
933 1777 1172 1866 descriptiones
1196 1786 1230 1846 et
1249 1787 1426 1868 praecepta

267 1890 393 1977 reliqua
418 1890 493 1956 ideo
517 1912 537 1955 a
559 1889 765 1955 curatoribus
787 1891 994 1976 promulgata
1022 1896 1111 1973 sunt,
1143 1898 1179 1957 ut
1201 1892 1425 1979 redemptores

267 2003 475 2070 condiciones
497 2003 694 2068 locationum
718 2023 917 2088 cognoscere
939 2009 1083 2091 possent.
1118 2004 1227 2090 itaque
1251 2012 1423 2071 consenta-

267 2138 365 2183 neum
388 2122 439 2182 est
460 2117 494 2181 in
521 2114 634 2181 tabula
656 2136 740 2201 quae
769 2121 915 2180 nostram
939 2117 1119 2182 antecessit
1147 2124 1298 2184 accurate
1322 2140 1424 2205 expo-

268 2228 367 2294 situm
398 2229 516 2310 fuisse,
551 2227 713 2315 quomodo
745 2227 966 2314 inscriptionis
1000 2228 1132 2294 tabulae
1160 2250 1336 2317 earumque
1369 2252 1423 2295 co-

266 2363 367 2407 ronae
400 2346 433 2405 et
466 2339 724 2405 substructiones
759 2339 982 2406 conficiendae
1020 2347 1133 2405 essent
1145 2338 1183 2425 ³).
1242 2342 1276 2407 in
1305 2343 1425 2408 tabulis

267 2461 378 2520 autem
407 2452 618 2540 sequentibus
647 2457 823 2538 praecepta
846 2451 911 2532 eis,
936 2472 1024 2537 quae
1047 2452 1088 2517 ad
1109 2453 1217 2540 ipsum
1240 2453 1425 2520 aedificium

268 2571 432 2654 spectant,
462 2565 580 2630 similia
605 2563 708 2628 incisa
733 2562 835 2628 fuisse
859 2563 1019 2647 videntur,
1046 2564 1094 2629 ita
1119 2571 1156 2629 ut
1177 2574 1353 2654 praecepta
1384 2568 1425 2634 de

268 2680 349 2768 ipsis
372 2679 492 2745 tabulis
515 2677 673 2743 faciendis
703 2676 778 2741 data
801 2675 945 2741 omnium
968 2698 1087 2763 agmen
1110 2677 1277 2746 ducerent.
1321 2682 1425 2746 mani·

268 2794 389 2860 festum
411 2797 521 2857 autem
545 2795 596 2855 est
618 2789 803 2855 tabularum
825 2810 996 2854 numerum
1018 2811 1231 2876 permagnum
1254 2791 1365 2858 fuisse.

354 2905 429 2970 Una
438 2904 526 2969 enim
537 2901 723 2967 huiusmodi
736 2902 904 2968 titulorum
915 2902 1017 2967 series
1028 2922 1066 2968 eo
1080 2908 1303 2989 temporeque
1315 2911 1427 2970 nostra

269 3016 438 3104 inscriptio
461 3015 565 3080 incisa
588 3019 639 3078 est
660 3014 725 3078 iam
749 3013 943 3099 collocata4)
966 3035 1004 3079 ac
1027 3015 1159 3080 tabulae
1183 3037 1266 3100 quae
1289 3016 1331 3080 ad
1353 3038 1424 3082 eam

270 3130 389 3195 seriem
416 3125 625 3216 pertinebant
662 3125 802 3190 vinculis
835 3126 951 3191 ferreis
985 3127 1070 3192 inter
1108 3149 1144 3192 se
1178 3135 1425 3215 coagmentatae

270 3240 407 3327 erant5).
444 3242 562 3329 quibus
585 3239 707 3307 tabulis
730 3238 897 3305 veteribus
921 3260 1060 3305 coronae
1083 3239 1300 3327 imponendae
1324 3248 1426 3324 crant,

269 3430 327 3486 und
351 3431 550 3502 angeheure
578 3429 752 3496 Quadern‚
781 3445 852 3482 znm
880 3426 977 3481 Theil
1004 3430 1078 3483 erst
1104 3429 1186 3484 halb
1214 3429 1426 3496 bearbeitet‚

270 3517 328 3572 sich
351 3518 402 3572 auf
419 3517 469 3572 der
491 3515 660 3588 Hiigelreihe
683 3515 810 3570 erhalten
831 3513 923 3568 haben
945 3515 997 3568 etc.
1021 3513 1143 3569 Pittalris
1164 3511 1235 3586 Ἅρχ.
1254 3516 1339 3587 ε’φήμ.
1360 3518 1426 3572 1837

270 3608 382 3674 Arasmi.
399 3622 426 3674 p.
440 3603 482 3658 61.
499 3633 536 3644 --
549 3601 593 3670 ,τά
602 3601 745 3672 σωζόμενα
754 3598 799 3654 ἐπὶ
815 3601 865 3654 τοῦ
883 3598 971 3670 λόφου
989 3599 1175 3654 sororcula
1192 3601 1336 3670 λείψανα
1354 3603 1427 3664 ἑνός

269 3688 431 3761 μεγίστου
455 3691 536 3743 ναοί
677 3689 727 3742 τοῦ
750 3686 812 3748 Διός
830 3686 1070 3757 ἐπονομαζομένου
1099 3689 1243 3755 possiderat
1283 3688 1427 3759 Stephani,

270 3775 352 3830 Reise
370 3775 457 3832 durch
479 3775 532 3831 ein.
557 3775 635 3830 Thle.
654 3774 680 3829 d.
698 3774 787 3830 nordl.
806 3772 961 3829 (incohent
979 3791 1007 3842 p.
1026 3773 1060 3826 68
1077 3791 1136 3843 sqq.
1155 3773 1285 3845 thtling
1302 3774 1337 3829 de
1355 3793 1426 3832 orac.

271 3863 372 3933 Troph.
391 3882 419 3933 p.
438 3863 462 3916 6.
499 3861 684 3926 Sohliemanu‚
704 3861 888 3916 Orchomenos
906 3877 933 3928 p.
951 3859 968 3912 9
990 3877 1049 3929 sqq.

341 3951 362 4018 l)
381 3950 414 4004 of.
433 3949 470 4004 ad
486 3949 507 4003 Ι.
525 3953 540 4014 5
558 3949 582 4002 5.

340 4035 362 4104 ²)
379 4034 418 4088 Θιέ
434 4023 507 4105 ἦσαν
530 4033 561 4086 dt
583 4035 612 4086 at
636 4035 692 4087 ελτε
712 4031 785 4104 τρεῖς
804 4034 860 4087 εἴτε
877 4031 923 4085 καὶ
940 4031 1061 4092 πλείονες
1082 4033 1178 4102 στήλαι
1200 4032 1345 4106 ἱδρυμέναι
1362 4035 1427 4086 ποτὲ

270 4120 455 4193 παραλλήλως,
473 4118 549 4175 τοῦθ’
567 4117 634 4192 ὅπερ
651 4118 870 4191 ὁποσημαὶνουσι
887 4118 933 4172 καὶ
951 4121 978 4173 ol
995 4119 1165 4192 ἑκατέρωθεν
1186 4121 1233 4189 τῆς
1255 4118 1353 4190 στήλης
1373 4137 1444 4178 σω-,

271 4208 382 4280 ζόμενοι
398 4208 503 4281 τόρμοι.

341 4295 519 4365 baa&
916 4352 920 4360 ¹

341 4384 362 4452 4)
382 4381 415 4438 cf.
434 4399 459 4436 v.
478 4381 511 4435 67
529 4399 569 4450 sq.
604 4379 652 4440 τοὶς
669 4379 769 4451 στήλας
784 4378 833 4440 τοῖς
849 4377 1032 4452 τῖτταρχούσας.

342 4469 363 4540 ⁶)
383 4467 416 4524 cf.
435 4485 459 4524 v.
479 4467 512 4521 70
530 4485 570 4537 sq.
605 4465 640 4520 τσὶ
658 4465 763 4537 θέματα
780 4465 815 4520 td
831 4464 992 4534 ὑπάρχοντα
1009 4463 1040 4518 ἐν
1057 4463 1117 4524 ταῖς
1134 4464 1251 4535 στήλαις.
