3310 5254
727 447 919 507 ..7-

204 656 230 696 ιι
249 630 298 718 (9)
314 625 399 718 έ[ὰ)ν
410 628 490 698 δέτι
502 626 750 699 ἐπικωλύσωσιν
762 629 795 700 οἱ
806 633 963 702 ναοποιοὶ
974 629 1031 701 τὸν
1042 630 1179 722 ἐργάνην
1190 631 1275 700 κατὰ

242 738 302 832 τήν
314 739 463 832 παροχήν
473 743 538 810 τῶν
549 739 664 826 λίθων,
676 739 734 812 τὸν
743 740 856 832 χρόνον
868 739 1100 813 ἀποδώσουσιν
1111 742 1189 814 ὅσον
1202 741 1241 813 ἀν

244 850 500 924 έπικωλύσωσιν.
525 856 595 942 (10)
612 852 743 944 ἐγγύους
756 857 793 924 δέ
803 854 1012 948 καταστήσας
1024 852 1041 926 ὁ
1055 854 1191 947 έργούνῃς
1204 855 1289 928 κατά

242 963 299 1034 τὸν
309 962 417 1052 νόμον,
429 963 573 1056 λήψεται
582 964 642 1058 τὴν
652 965 784 1058 πριάσην
796 966 888 1038 δόσιν
901 963 1030 1038 ὁπόσου
1040 965 1079 1036 ἀν
1089 968 1228 1062 δργωνή-

245 1102 286 1169 σῃ
297 1081 416 1146 πασῶν
426 1081 491 1148 τῶν
502 1081 628 1169 στηλῶν
639 1079 771 1150 καὶτῶν
782 1083 927 1170 δριγκῶν
938 1084 1003 1150 τῶν
1014 1080 1072 1150 ἐπὶ
1084 1079 1207 1164 ταύτας

205 1222 231 1261 ω
243 1190 433 1276 τιθεμένων,
446 1184 692 1278 ὑπολιπόμενος
703 1190 828 1274 παντὸς
838 1190 877 1262 τὸ
891 1193 1094 1264 ἐπιδέκατον.
1118 1190 1197 1264 ὅταν
1208 1196 1245 1264 δὲ

244 1299 404 1393 ἀποδείξῃ
417 1300 531 1384 πάσας
542 1301 754 1392 εἰργασμένας
764 1305 822 1373 καί
835 1300 941 1395 ὀρθάς
951 1303 1059 1396 πάντῃ
1072 1306 1129 1374 καί
1141 1306 1233 1388 τέλος

244 1413 380 1500 ἐχούσας
391 1413 476 1486 κατὰ
489 1414 548 1507 τήν
558 1415 746 1508 συγγραφήν
758 1419 815 1486 καί
827 1407 1175 1509 μεμολυβδοχοῃμένας
1185 1414 1225 1486 ἀ-

243 1511 363 1616 ρεστῶς
377 1533 448 1608 τοῖς
458 1533 634 1609 ναοποιοῖς
644 1528 701 1596 καὶ
713 1533 761 1618 τῷ
772 1524 980 1616 ἀρχιτέκτονι,
995 1527 1139 1621 λήψεται
1149 1527 1209 1621 τὴν

243 1641 393 1730 δευτέραν
406 1637 499 1711 δόσιν
510 1637 643 1709 πάντων
653 1645 718 1710 τῶν
729 1638 927 1731 γραμμάτων
937 1645 997 1733 τῆς
1008 1643 1194 1734 ἐπιγραφῆς

203 1785 228 1823 ει
242 1755 279 1823 ἐκ
289 1756 349 1822 τού
357 1748 612 1845 ὑποτιμήματος
623 1752 708 1844 πρὸς
716 1751 773 1825 τὸν
784 1749 929 1844 ἀριθμὸν
937 1753 995 1825 τὸν
1005 1754 1041 1823 ἐκ
1051 1757 1115 1822 τῶν
1127 1749 1218 1824 ἀντι-

241 1862 374 1956 γράφων
386 1865 627 1955 ἒκλογισδέντα,
643 1862 888 1954 ὑπολιπόμενος
900 1867 957 1935 καὶ
968 1864 1086 1935 τούτου
1098 1865 1137 1936 τὸ
1150 1868 1263 1937 ἐπιδέ-

241 2004 350 2046 κατον.
372 1978 430 2046 καὶ
442 1979 633 2060 συντελέσας
643 1975 719 2048 ὅλον
730 1976 768 2049 τὸ
780 1977 879 2068 ἔργον,
894 1975 972 2047 όταν
983 1980 1183 2069 δοκιμασθῇ,
1197 2006 1294 2066 κομι-

241 2087 362 2158 σάσθω
373 2087 412 2159 τὸ
424 2090 619 2160 ἐπιδέκατον
629 2087 667 2160 τδ
679 2085 893 2181 ὑπολειφθέν.
917 2091 1050 2158 καὶτῶν
1059 2089 1179 2181 πείρων
1189 2089 1227 2162 τό
1239 2088 1325 2162 ὑπο-

241 2201 370 2292 τίμημα
383 2199 480 2284 ὅσους
491 2199 531 2270 ἀν
542 2205 589 2294 δῇ
599 2203 657 2271 καί
669 2200 731 2272 ὅσα
744 2200 783 2271 ἀν
793 2187 969 2293 γράμματα
981 2201 1150 2295 ἐπιγράψῃ

203 2344 229 2384 ω
241 2313 325 2402 μετὰ
335 2312 373 2384 τὸ
385 2312 444 2407 τὴν
456 2312 549 2386 δόσιν
557 2318 670 2403 λαβεῖν
680 2314 879 2401 κομισάσθω
889 2316 947 2386 καὶ
959 2312 1091 2400 τούτων,
1105 2313 1184 2387 ὅταν
1194 2317 1251 2385 καί
1263 2313 1301 2386 τὸ
1312 2317 1346 2386 ε’-

245 2428 425 2497 πιδέκατον
436 2425 595 2519 λαμβάνῃ,
606 2425 663 2497 ἐὰν
672 2425 719 2520 μή
730 2455 762 2497 τι
773 2427 820 2510 είς
830 2425 872 2498 τά
884 2427 1039 2514 ἐπιτίμια
1050 2424 1260 2519 ὑπολογισδῇ
1272 2424 1332 2497 αύ-

242 2543 298 2630 τῷ.
322 2542 392 2630 (11)
409 2537 465 2609 ἐὰν
476 2541 513 2609 δέ
524 2567 557 2608 τι
566 2538 742 2630 πρόςεργον
754 2543 793 2631 δῇ
806 2541 960 2630 γενέσθαι
972 2541 1136 2632 συμφέρον
1146 2545 1194 2631 τῷ
1205 2539 1296 2632 έργφ,

244 2649 378 2744 ποιήσει
390 2652 426 2721 ἐκ
436 2656 495 2723 τού
506 2648 581 2722 ἴσον
592 2650 689 2742 λόγου
701 2653 759 2721 καί
769 2658 1020 2742 προςκομιεῖται
1032 2649 1070 2722 τὸ
1084 2649 1249 2741 γινόμενον
1261 2649 1360 2745 αύτῷ,

244 2759 425 2848 ἀποδείξας
437 2762 582 2852 δόκιμον.
607 2769 674 2853 (12)
692 2763 747 2834 ἐὰν
759 2765 796 2833 δέ
807 2760 824 2834 ὃ
835 2762 941 2846 τόπος
952 2759 1257 2854 ἀνακαθαιρόμενος
1266 2795 1333 2852 μα-

205 2909 229 2948 ω
243 2875 344 2958 λακὸς
354 2872 551 2966 εὑρίσκηται,
562 2874 787 2967 προςστριύσει
798 2872 1030 2966 πόροιςόσοις
1041 2873 1081 2944 ἀν
1093 2875 1186 2966 χρεία
1197 2869 1219 2968 ᾗ
1229 2879 1286 2947 καὶ

242 2994 494 3078 προςιομιεῖται
505 2988 563 3056 καὶ
574 2985 691 3059 τούτου
702 2986 741 3060 τὸ
752 2987 918 3078 γινόμενον
930 2984 1019 3079 αύτῷ
1029 2987 1113 3076 μετὰ
1123 2993 1183 3060 τοῦ

242 3097 449 3170 ἔπιδεκάτοο.
474 3102 544 3190 (13)
560 3098 720 3193 ἐπιθήσει
731 3101 835 3170 δὲκαὶ
847 3102 905 3170 ἐπὶ
916 3081 976 3184 τὰς
988 3098 1110 3193 στήλας
1121 3100 1182 3183 τὰς
1192 3098 1358 3192 ὑπαρχού-
1413 3091 1416 3096 ’

243 3236 305 3295 σας
315 3211 472 3304 θριγκοὺς
483 3213 604 3300 ἕνδεκα,
618 3211 856 3304 προεπικόφας
865 3211 926 3295 τὰς
936 3210 1066 3305 στήλας,
1080 3213 1247 3302 ἐπιλαβὼν

244 3323 322 3395 ὅσον
334 3323 373 3393 ἀν
384 3322 562 3411 κελεύωμεν
573 3323 658 3414 πρός
668 3323 727 3416 τήν
738 3325 939 3415 περιτένειαν
951 3322 1010 3417 τὴν
1021 3327 1189 3396 δοθεῖσαν.

205 3472 230 3511 ω
244 3439 346 3521 ἐξελεῖ
357 3437 459 3506 δὲκαὶ
471 3434 513 3505 τά
524 3437 649 3524 δόματα
660 3434 703 3505 τά
714 3432 903 3527 ὑπάρχοντα
915 3437 948 3505 έν
958 3443 1033 3520 ταῖς
1044 3435 1180 3529 στήλαις
1190 3435 1253 3507 ὅσα

244 3547 283 3618 ἀν
295 3546 462 3641 ὑπερέ[χ)ῃ
474 3549 532 3618 καὶ
544 3552 650 3640 κωλύῃ
663 3545 761 3619 αὑτὸν
773 3550 806 3618 ἐν
816 3552 857 3641 τῇ
868 3550 1025 3640 ἐπικοπῇ,
1039 3550 1096 3618 καὶ
1109 3546 1231 3642 τρήσας
1242 3559 1304 3638 βα-

243 3659 367 3751 θύτερα
379 3659 588 3750 καδαρμόσει
600 3661 657 3729 καὶ
669 3658 1005 3758 περιμολυβδοχοήρει
1020 3660 1173 3748 δοκίμως.
1196 3663 1333 3751 ἐμβαλεῖ

245 3775 281 3842 δὲ
289 3771 400 3855 καὶεῖς
405 3771 541 3856 τούτους
547 3771 695 3864 γόμφους
700 3775 784 3863 (καί)
791 3775 918 3861 δόματα
927 3774 984 3842 καὶ
992 3773 1452 3868 περιμολνβδοχοήσεικαίέρ-

244 3889 341 3975 γάται
347 3882 457 3954 πάντα
463 3883 579 3967 καδιὺς
586 3886 642 3954 καί
652 3887 731 3975 περὶ
740 3889 805 3954 τῶν
811 3883 1118 3975 ἐπάυωγέγραπται.
1130 3887 1202 3976 (14)
1210 3886 1409 3978 έκ[δί)δομεν
1417 3890 1453 3958 δὲ

206 4033 230 4072 ιε
244 3998 301 4066 καί
312 3993 447 4080 τούτους
455 3996 532 4080 τούς
541 3996 706 4088 θριγκούς,
717 3995 793 4080 τοὺς
803 3999 863 4084 μὲν
874 3996 1032 4080 ὑκπέδους
1042 3999 1099 4068 καὶ
1113 4001 1339 4082 πενταπέδοος

244 4113 303 4180 τού
313 4107 388 4178 ἴσου
401 4106 478 4180 ὅσον
489 4106 529 4180 ἀν
541 4111 598 4178 καί
610 4109 643 4179 οί
652 4111 767 4182 λοιποί
780 4107 923 4200 εὑρωσιν,
935 4115 1011 4194 τούς
1023 4113 1061 4180 δὲ
1069 4113 1253 4203 τριπέδοος,
1265 4111 1342 4195 τοὺς

243 4223 401 4311 τέτταρας
412 4220 528 4294 σύνδυο
541 4221 589 4305 είς
599 4220 656 4292 τὸν
666 4221 803 4312 θριγκὸν
815 4219 1127 4314 ἀπομετρῃσόμεδα.
1151 4228 1221 4314 (15)
1235 4223 1340 4317 λήψε-

244 4362 301 4403 ται
312 4335 349 4402 δὲ
361 4335 418 4402 καὶ
429 4331 552 4404 τούτων
565 4339 629 4404 τῶν
639 4338 784 4425 δριγκῶν
793 4334 853 4427 τὴν
863 4334 964 4422 δόσιν,
981 4333 1061 4406 όταν
1072 4336 1220 4427 ἐπιδείξῃ

248 4445 307 4527 τὰς
318 4444 440 4538 στήλας
451 4445 691 4537 ε(ῑ)ργασμόνας
702 4448 758 4516 καὶ
771 4448 919 4534 κειμένας
931 4449 988 4516 καί
999 4452 1262 4537 μεμσλοβδοχοη-
