3310 5254
705 409 918 468 ..40-

227 591 349 656 invitus
373 593 442 657 sive
476 610 557 675 opus
580 591 741 656 conficere
765 592 835 657 sive
859 592 916 657 ubi
938 592 981 656 de
1004 591 1113 658 fundis
1138 593 1307 659 conductis
1332 594 1391 658 ob-

228 703 342 788 ligatio
366 709 534 769 contracta
556 709 607 767 est
629 702 738 768 fundis
761 702 826 769 frui
848 711 991 790 nequeat
1002 705 1038 789 ¹).

314 815 401 893 §ru
436 813 481 901 (v.
505 813 673 900 47-62).
708 816 913 902 paragrapho
946 815 1074 881 decima
1110 817 1271 903 pecuniae
1309 838 1390 903 pen-

229 927 338 992 siones
362 949 426 1012 qua
448 927 576 991 ratione
599 926 679 990 fiant
702 925 870 991 definitur:

211 1019 214 1024 ¹
317 1042 345 1102 1.
368 1038 423 1102 ubi
455 1042 558 1102 uatem
590 1037 763 1118 redemptor
791 1038 924 1119 praedes
958 1037 1056 1122 lepe²l
1093 1038 1225 1117 dederit,
1261 1039 1392 1119 aeeipite

224 1149 364 1231 primam
391 1149 585 1230 pensionem,
622 1150 765 1236 pretium
797 1150 922 1214 scilicet
957 1150 1095 1214 omnium
1121 1169 1201 1231 quas
1230 1150 1393 1216 redemerit

229 1261 410 1326 tubulorum
438 1265 466 1324 et
493 1280 678 1324 coronarum
706 1281 785 1343 puae
809 1261 926 1325 tabulis
947 1261 1152 1342 imponendae
1174 1265 1261 1338 sunt,
1285 1262 1392 1326 relicto

230 1374 324 1439 totins
345 1393 482 1437 summae
498 1376 594 1452 purte
615 1371 779 1458 decimai).
825 1373 865 1438 cf.
889 1373 930 1438 ad
953 1374 1009 1452 §2
1033 1395 1053 1438 a
1076 1380 1110 1439 et
1132 1374 1164 1438 b.
1199 1395 1265 1439 non
1288 1375 1392 1440 solum

230 1486 271 1552 de
294 1484 454 1550 faciendis
488 1484 609 1549 tabulis
639 1491 672 1550 et
696 1485 826 1551 coronis
851 1486 1031 1551 sedetiam
1055 1486 1096 1552 de
1127 1487 1175 1551 eis
1200 1487 1393 1566 statuendis,

231 1597 309 1662 ferri
333 1603 367 1662 et
389 1598 515 1684 plumbi
538 1619 600 1684 ope
625 1598 893 1684 coagmentandis
909 1598 1012 1663 verba
1033 1599 1104 1664 fieri
1128 1605 1266 1686 apparet
1290 1620 1331 1664 ex
1352 1599 1393 1663 iis

232 1730 316 1796 quae
339 1715 529 1795 sequuntur.

320 1825 349 1887 2.
371 1822 426 1886 nbi
457 1825 561 1886 autem
595 1821 853 1886 demonstraverit
885 1841 988 1886 mnnes
1026 1823 1154 1887 tabulas
1189 1828 1222 1888 et
1254 1843 1391 1888 coronas

224 1927 377 2015 'senmtaa
399 1955 439 1998 err
459 1935 544 1998 omni
559 1938 654 2014 porte
668 1938 776 2012 rectos,
800 1932 922 2012 effectas
944 1934 1113 1999 secundnm
1129 1935 1208 2017 lepes
1223 1934 1395 2013 locutionis,

227 2047 354 2127 plumbo
375 2044 486 2132 infuso
506 2046 627 2111 cinctas
649 2050 828 2112 curatorum
850 2051 879 2110 et
900 2046 1059 2111 architecti
1074 2048 1241 2125 arbitratu,
1265 2047 1396 2128 accipito

231 2157 398 2223 secundom
413 2158 612 2238 pensionem,
642 2159 784 2244 pretium
817 2159 941 2223 scilicet
968 2159 1145 2224 litterarum
1175 2178 1255 2241 quas
1280 2159 1397 2223 incidet

232 2269 378 2348 omnium,
405 2290 489 2355 quae
520 2270 680 2356 pecuniae
712 2291 837 2335 summa
873 2276 1059 2354 computata
1089 2277 1140 2336 est
1160 2271 1261 2351 pretio
1279 2290 1394 2352 propo-

231 2381 290 2446 sito
313 2373 532 2468 (singulorum
556 2387 713 2446 staterum
738 2388 771 2446 et
793 2388 961 2464 ternorum
985 2382 1154 2448 obolorum
1179 2405 1238 2468 pro
1257 2383 1395 2468 siugulis

232 2494 365 2559 milibus
393 2491 591 2580 litterarum)
623 2513 683 2575 pro
712 2494 890 2558 litterarum
922 2514 1051 2560 numero
1088 2496 1316 2575 exemplarium
1343 2516 1397 2575 ope

233 2606 395 2685 subducto,
423 2605 534 2669 relicta
560 2605 655 2668 luins
687 2625 806 2686 qnoque
838 2624 976 2670 summac
1000 2609 1092 2686 parte
1122 2606 1250 2670 decimu.
1303 2606 1396 2672 vides

233 2720 361 2784 litteras
391 2717 512 2782 tabulis
543 2717 662 2781 erectis
691 2722 724 2780 et
754 2716 841 2780 ferro
870 2717 1069 2802 plumboque
1097 2717 1183 2782 inter
1212 2740 1247 2782 se
1278 2719 1395 2782 vinctis

234 2831 365 2895 demum
387 2831 507 2894 incisas
532 2850 621 2910 esse,
645 2827 730 2913 quod
754 2828 832 2893 satis
855 2829 973 2892 mirum
1002 2835 1062 2894 est.
1110 2830 1258 2915 sequitur
1281 2831 1396 2916 pensio

235 2943 346 3008 tertia:

322 3055 351 3117 3.
374 3072 463 3133 opere
484 3049 631 3117 aniverso
653 3051 757 3130 effecto
773 3054 973 3135 probatoque,
996 3057 1178 3133 recuperato
1200 3057 1323 3134 portem
1345 3054 1395 3118 de-

235 3166 346 3230 cimum
375 3185 470 3246 qnam
499 3164 677 3245 reliquerim
707 3168 736 3227 et
761 3165 892 3244 accipito
918 3164 1054 3244 pretium
1076 3165 1275 3230 constitutum
1297 3169 1326 3230 et
1340 3187 1399 3247 po

235 3298 343 3342 rorum
365 3280 407 3342 tot
434 3279 509 3358 quot
527 3277 666 3357 posuerit
690 3266 874 3362 (quinarum
897 3275 1133 3358 drachmarum,
1157 3276 1197 3342 cf.
1222 3278 1241 3355 ξ
1265 3280 1283 3353 3
1308 3276 1342 3364 d)
1371 3281 1400 3342 et

307 3518 328 3586 ¹)
347 3517 380 3574 cf.
405 3517 427 3572 Τ
450 3519 512 3586 52,
537 3517 614 3587 pacti
637 3515 712 3570 inter
733 3515 902 3570 Eretrienses
930 3517 959 3570 et
982 3515 1211 3585 Chaerophanem
1237 3517 1272 3570 de
1296 3515 1399 3586 palude

236 3605 366 3660 siccanda
388 3601 457 3675 (Ἐφ.
479 3601 551 3678 'App
574 3621 633 3676 περ.
657 3601 679 3671 fi
701 3601 746 3656 us.
764 3601 827 3670 404)
850 3599 936 3656 verba
956 3620 982 3656 v.
1008 3603 1048 3666 14,
1072 3602 1186 3656 tabulae
1209 3601 1399 3656 Heracleensis

235 3691 343 3761 primae
361 3690 439 3761 (OIG.
458 3690 537 3759 5774)
562 3690 654 3743 locum
675 3705 701 3742 v.
721 3687 772 3740 152
790 3704 858 3755 sqq,
881 3687 962 3740 Plato
984 3687 1039 3757 leg.
1058 3706 1083 3757 p.
1104 3687 1155 3742 920
1173 3689 1210 3742 D:
1233 3685 1286 3740 ὅσα
1308 3705 1348 3747 τις
1366 3685 1400 3740 riv

237 3778 380 3849 ὁμολογῶν
398 3777 550 3837 ξυνθέσθαι
566 3774 607 3846 μή
624 3775 688 3844 ποιῇ
706 3771 776 3826 κατα
792 3772 841 3832 τοῖς
857 3772 1012 3843 ὁμολογίας,
1030 3773 1102 3842 πλήν
1119 3802 1133 3812 -
1146 3803 1160 3813 -
1179 3773 1228 3826 ἐὰν
1244 3773 1299 3827 rino*
1317 3772 1400 3843 τύχης

238 3859 441 3937 οἷπροςθοκήτοα
458 3881 498 3922 τις
517 3859 590 3913 ἄκων
608 3861 725 3928 κωλυθῇ,
743 3857 796 3911 κτὲ.

309 3974 331 4043 ²)
350 3975 467 4044 praedes
491 3989 547 4042 qua
565 3971 674 4026 ratione
693 3969 903 4035 exhiberentur,
924 3967 1041 4024 fortasse
1065 3968 1096 4022 in
1114 3969 1176 4040 lege
1200 3987 1273 4039 quae
1289 3988 1315 4025 v.
1334 3968 1401 4024 870‘

238 4061 385 4120 ruanotnic
402 4059 486 4129 νόμος
504 4058 664 4128 appellatur
682 4055 828 4110 definitum
848 4057 914 4110 erat.

308 4171 328 4240 3)
347 4170 379 4223 τό
397 4169 597 4224 ἐπιδέκατον
620 4170 655 4236 (v.
679 4167 724 4236 50)
751 4165 820 4235 quid
846 4165 883 4248 sit
910 4164 1160 4220 demonstravimus
1186 4182 1214 4234 p.
1232 4164 1267 4219 30
1289 4182 1353 4220 ann.
1376 4167 1401 4220 3.

237 4259 347 4327 partem
370 4256 507 4311 decimam
528 4254 669 4310 retinendi
693 4271 774 4308 usum
796 4252 880 4307 fuisse
902 4252 1003 4314 docent
1024 4251 1210 4306 instrumenta
1227 4251 1348 4317 Deliaca,
1368 4251 1401 4306 of.

237 4344 306 4398 Dv.
325 4343 358 4397 13
376 4361 425 4412 sq,
443 4344 467 4396 D
485 4343 502 4398 2
518 4361 544 4396 r.
563 4342 588 4396 5.
606 4372 639 4382 -
657 4340 760 4400 παντός
779 4339 839 4408 (ib.)
867 4339 913 4394 hic
930 4339 963 4392 ui
980 4337 1054 4393 infra
1071 4357 1097 4393 v.
1115 4339 1149 4394 26
1176 4337 1274 4394 τούτου
1296 4356 1332 4394 sc.
1353 4339 1402 4392 toti
1497 4341 1498 4344 ’

238 4425 377 4501 ἀργυρίου.
