3310 5254
555 1281 856 1379 commentario
888 1284 1040 1378 attera.

218 1483 280 1552 De
307 1482 435 1552 rebus
467 1481 523 1552 ad
555 1483 690 1550 artem
717 1479 1003 1562 spectantibus
1035 1497 1142 1563 quae
1177 1479 1221 1552 in
1253 1483 1378 1555 titulo

562 1609 797 1682 Lebadensi
823 1609 1031 1692 lemtur.

784 1794 810 1858 Ι.

376 1949 422 2020 De
445 1929 605 2038 operibus
627 1949 664 2019 in
686 1952 783 2038 porte
807 1948 920 2037 priore
943 1951 1220 2021 commemoratis.

304 2118 557 2205 Inscriptionem
579 2119 810 2185 Lebadcnsem
838 2119 872 2184 in
902 2126 1013 2206 partes
1043 2117 1136 2202 duas,
1165 2119 1307 2206 priorem
1336 2118 1377 2184 de

218 2230 428 2296 conficiendis
451 2232 556 2296 titulis
580 2232 624 2318 (v.
650 2232 778 2317 1-89)
801 2233 1020 2318 posteriorem
1043 2231 1082 2298 de
1110 2231 1274 2297 struendis
1298 2253 1377 2319 ope-

133 2387 137 2395 ·
217 2343 309 2408 ribus
333 2365 416 2429 quae
440 2344 481 2408 ad
508 2343 624 2410 aedem
646 2345 735 2409 Iovis
758 2343 860 2430 Regis
891 2351 1041 2431 spectant
1069 2347 1112 2426 (v.
1136 2345 1300 2423 89-188)
1324 2367 1377 2410 se-

217 2456 360 2520 iunctam
385 2476 458 2521 esse
481 2455 897 2543 suprademonstravimus.
930 2463 1028 2542 atque
1054 2478 1250 2542 quamquam
1268 2457 1377 2542 operis

218 2568 259 2634 de
272 2589 336 2654 quo
349 2567 500 2633 iaciendo
513 2574 608 2654 parte
623 2570 732 2655 priore
744 2569 852 2655 egitur
865 2574 1018 2634 accurata
1029 2568 1206 2654 descriptio
1220 2569 1253 2632 in
1265 2569 1378 2633 tabula

217 2701 301 2766 quae
338 2685 484 2745 nostram
512 2682 691 2746 antecessit
722 2680 843 2768 scripta
871 2681 973 2746 fuisse
1001 2679 1176 2765 videtur¹),
1205 2686 1316 2746 tamen
1343 2680 1377 2745 in

216 2793 428 2858 instrumenti
449 2800 543 2881 parte
560 2800 689 2860 servata
711 2815 777 2859 non
799 2814 905 2880 pauca
919 2794 1075 2878 leguntur
1096 2792 1138 2857 ad
1160 2798 1265 2858 artem
1281 2814 1376 2879 spec-

216 2907 330 2987 tantia,
354 2906 388 2971 in
410 2927 494 2991 quae
517 2929 602 2972 nunc
626 2906 815 2992 diligentius
839 2906 1010 2992 inquiram.

301 3016 354 3085 De
378 3024 515 3104 utraque
532 3020 701 3085 titulorum
718 3019 803 3084 serie
820 3017 897 3103 quid
913 3018 948 3082 in
963 3019 1151 3083 universum
1168 3017 1376 3083 statuendum

217 3131 270 3213 sit,
295 3130 430 3218 supro²)
455 3132 605 3219 exposui.
643 3131 756 3195 titulos
780 3150 882 3217 prope
906 3130 1065 3216 templum
1080 3129 1169 3195 Iovis
1185 3129 1288 3215 Regis
1312 3131 1376 3196 eri-

216 3243 339 3329 gendas
364 3242 467 3309 fuisse
491 3266 566 3309 cum
588 3265 647 3331 per
675 3265 710 3309 se
733 3243 911 3308 verisimile
935 3243 990 3324 sit,
1022 3248 1091 3307 tum
1112 3243 1311 3330 perspicitur
1334 3265 1377 3308 ex

215 3356 324 3421 verbis
347 3377 377 3420 v.
402 3359 443 3421 29
466 3377 528 3441 sq.:
559 3352 642 3442 μηδὲ
668 3349 928 3438 καταβλαιττέτω
950 3351 1058 3442 μηθὲν
1079 3354 1143 3420 τῶν
1165 3347 1377 3439 ὑπαρχόντων

215 3463 315 3555 ἔργων
336 3465 370 3534 ἒν
390 3469 439 3556 τῷ
462 3464 539 3555 ἱερῷ
561 3474 594 3534 et
616 3489 647 3532 v.
671 3470 711 3532 35
733 3488 795 3552 sq.:
818 3460 875 3532 τὸν
897 3461 1125 3554 διαφθαρέντα
1147 3461 1247 3531 λίθον
1268 3460 1376 3545 ἐξάξει

216 3577 252 3646 ἐκ
273 3581 334 3646 τοῦ
355 3576 453 3667 ἱεροῦ.
497 3574 536 3646 τὸ
561 3573 646 3666 ἱερόν
669 3585 884 3666 consaeptum
906 3579 1007 3644 fuisse
1033 3575 1290 3644 consentaneum
1313 3586 1375 3644 est.

215 3692 306 3757 locus
337 3714 401 3778 quo
431 3692 563 3757 tabulae
599 3692 804 3777 erigerentur
839 3689 1025 3778 purgandus
1059 3696 1092 3755 et
1119 3691 1206 3776 poris
1237 3691 1375 3776 ingestis

215 3803 409 3869 muniendus
446 3811 525 3870 erat.
577 3804 781 3891 paragrapho
813 3804 900 3868 enim
931 3801 1124 3866 duodecima
1155 3805 1198 3884 (v.
1221 3804 1375 3888 64-66)

214 3917 484 4002 praescribuntur
498 3917 597 3982 haec:
621 3910 678 3982 ε’ὰν
698 3913 734 3981 δὲ
753 3907 770 3982 ὁ
785 3909 891 3993 τόπος
909 3905 1215 3999 ἀνακαθαιρόμενος
1228 3910 1376 3999 μαλακὸς

215 4019 413 4117 εὑρίσκηται,
436 4022 661 4115 προςστρώσει
682 4021 808 4113 nepote
831 4021 923 4105 ὅσοις
945 4018 984 4091 ἂν
1005 4021 1098 4111 χρεία
1119 4014 1149 4114 ᾖ.

300 4140 340 4204 In
363 4142 433 4205 solo
457 4142 502 4206 ita
524 4145 719 4227 praeparato
742 4138 873 4204 tabulae
901 4159 967 4202 non
990 4137 1173 4203 conduntur
1201 4139 1265 4204 nisi
1297 4140 1374 4205 sub-

214 4253 309 4318 iectis
325 4254 467 4340 propriis
484 4251 782 4319 substructionibus
799 4272 882 4337 quae
898 4271 927 4315 v.
945 4252 965 4314 8
981 4242 1191 4340 ὖιτοβατῆρες
1205 4259 1373 4317 vocantur.

286 4423 463 4494 Uffipffi

285 4513 306 4578 ²)
325 4529 352 4584 p.
372 4511 481 4565 12-14.
