3310 5254
726 463 940 524 ..74-

256 653 365 712 tentas
382 648 502 714 sedens
524 648 674 735 depictus
697 655 749 714 cst
771 646 826 734 (cf.
844 649 989 714 Monuni.
1007 648 1092 714 ined.
1110 649 1188 713 dell'
1203 648 1284 712 Inst.
1298 647 1334 710 II
1349 646 1416 713 tab.

254 759 396 844 XLIII).
441 767 539 844 atque
574 761 601 824 si
631 761 819 846 exemplum
850 761 1047 845 antiquitate
1080 761 1209 844 insigne
1237 759 1415 837 desideras,

255 873 380 957 inspice
398 893 519 958 quaeso
540 873 730 958 amphoram
746 873 960 937 clarissimam
975 873 1131 954 Franpois
1151 894 1248 958 quam
1270 873 1416 957 repperit

255 984 289 1047 in
312 1005 375 1070 qua
397 991 473 1050 ante
497 985 628 1049 domum
652 985 746 1050 Pelei
770 991 803 1050 et
825 985 974 1051 Thetidis
998 1007 1055 1049 ara
1077 985 1232 1050 crateutis
1256 991 1416 1050 exornata

255 1096 420 1162 delineata
436 1098 533 1180 est1).
568 1098 678 1182 itaque
695 1103 858 1162 crateutas
879 1098 985 1182 tigilla
999 1098 1102 1162 fuisse
1119 1097 1249 1182 lapidea
1265 1104 1416 1183 apertum

255 1215 315 1275 est.
344 1209 378 1272 in
399 1215 622 1273 crateutarnm
637 1208 775 1272 sormam
792 1209 962 1273 confusum
984 1208 1154 1292 plumbum
1169 1208 1267 1272 vendi
1285 1210 1415 1273 solitum

254 1319 356 1386 fnisse
385 1321 471 1408 apud
495 1321 656 1404 Graecos,
684 1322 730 1386 ita
761 1328 798 1388 ut
826 1321 1083 1408 uniuscuiusque
1109 1326 1275 1385 crateutae
1305 1342 1416 1385 masaa

255 2994 344 3052 certo
362 2994 452 3053 essct
467 2994 565 3072 atque
589 2988 765 3053 constituto
781 2988 937 3073 pondere,
960 2987 1183 3068 Kirchhoffius
1199 2987 1415 3075 probabiliter

256 3101 391 3185 collegit
415 3121 455 3164 ex
478 3100 573 3163 titulo
589 3099 700 3163 Attico
723 3098 808 3166 cic.
823 3099 841 3163 I
858 3102 919 3164 319
934 3099 953 3176 ἓ
967 3105 1000 3164 4;
1023 3095 1187 3185 μόλυβδος
1208 3099 1257 3186 τῷ
1279 3091 1414 3187 ἀνθέμῳ

253 3209 310 3280 καὶ
345 3213 416 3290 τοῖς
447 3212 581 3294 δεσμοῖς
602 3210 666 3275 τῶν
687 3207 795 3275 λίθων
823 3212 883 3277 τοῦ
904 3205 1049 3299 βάθρου,
1083 3210 1257 3298 κρατευταὶ
1288 3205 1413 3277 δώδεκα

254 3325 374 3388 collato
406 3322 468 3386 Iul.
491 3322 575 3386 Poll.
598 3323 670 3386 loco
692 3322 725 3386 X
750 3325 790 3386 96
825 3321 878 3408 (cf.
903 3323 1063 3410 Philippi,
1093 3325 1248 3411 Areopag
1269 3347 1300 3410 p.
1328 3322 1413 3410 140),

255 3436 310 3520 qui
334 3439 500 3500 orateutae
523 3455 589 3498 non
611 3440 746 3521 propter
768 3435 926 3500 materiae
952 3436 1009 3500 sed
1025 3443 1160 3523 propter
1182 3435 1305 3501 formae
1323 3435 1413 3500 simi-

254 3546 427 3611 litudinem
460 3567 535 3611 arae
574 3545 777 3631 crepidiuum
808 3547 939 3611 nomine
973 3547 1138 3632 designati
1167 3552 1252 3614 sunt.
1303 3549 1413 3632 itaque

255 3665 421 3723 crateutas
438 3658 493 3743 qui
516 3658 550 3720 in
566 3663 677 3721 nostro
701 3657 796 3721 titulo
820 3666 996 3723 occurrunt
1018 3653 1198 3745 plumbeos
1207 3659 1310 3724 fuisse
1334 3680 1413 3724 cave

253 3792 295 3835 ue
320 3771 456 3855 cogites.
501 3771 600 3834 immo
628 3768 760 3854 lapidea
789 3776 881 3834 erant
911 3771 1088 3835 statumina
1116 3770 1255 3856 lapideis
1278 3792 1413 3835 vernum

255 3882 485 3947 statuminibus
511 3903 577 3946 non
600 3881 772 3946 dissimilia
799 3882 918 3967 quibus
944 3880 1071 3968 lapides
1094 3883 1273 3967 pavimenti
1295 3883 1413 3964 (κατα-

254 3996 450 4083 στρωτῆρες)
473 3995 619 4080 impositi
642 3993 682 4057 ab
706 3999 843 4078 utraque
865 4000 959 4080 parte
983 3994 1235 4058 sustinebantur.

342 4105 515 4171 Orateutas
532 4106 618 4170 enim
638 4105 739 4168 fuisse
761 4111 940 4169 structuras
963 4112 1168 4169 transversas
1191 4105 1277 4170 inter
1289 4107 1412 4171 colum-

253 4239 368 4283 narum
397 4224 431 4283 et
462 4219 565 4282 cellae
597 4217 731 4302 parietis
763 4217 975 4281 fundamenta
1003 4218 1193 4303 pectinatim
1226 4217 1412 4305 dispositas,

325 4408 346 4474 ²)
365 4406 422 4462 alia
440 4405 567 4474 exempla
578 4407 788 4473 repraesentata
806 4407 872 4458 sunt
883 4405 1006 4460 Menum.
1015 4404 1089 4460 ined.
1100 4405 1164 4459 dell'
1174 4405 1241 4461 lust.
1252 4405 1291 4459 IV
1303 4406 1360 4460 tab.
1370 4407 1411 4470 12,

255 4493 496 4548 Raoul·Rochette
514 4491 637 4546 Morum.
655 4491 730 4546 ined.
748 4491 806 4546 tab.
824 4492 859 4545 26
876 4493 909 4546 A.
