3310 5254
706 439 921 501 ...70.-

239 633 420 694 strumento
443 633 540 693 acuto
565 648 629 712 quo
659 627 785 714 lapides
813 626 965 691 subtilius
986 627 1190 712 laevigareut
1210 647 1288 690 usos
1313 646 1398 706 esse,

237 741 365 826 scalpro
394 740 524 804 duriore
553 739 595 803 ad
625 760 707 826 opus
740 761 892 825 asperum
917 739 1162 805 conficiendum.
1208 739 1306 803 tertia
1328 734 1400 816 ξοΐς

236 851 355 916 dicitur
377 844 638 937 ἆρτίστομος,
662 851 682 914 i.
701 873 730 915 e.
753 851 866 916 hebes.
908 843 1107 933 ἀρτίστομον
1129 851 1216 914 enim
1239 847 1399 933 estquod

236 955 348 1048 ἄρτιον
381 956 489 1045 στόμα
519 961 637 1047 (Hom.
665 963 815 1043 0389),
848 963 980 1048 planam
1002 963 1023 1026 i.
1046 983 1074 1028 e.
1098 983 1205 1047 neque
1231 962 1400 1025 dentatam

236 1095 343 1159 nequa
358 1081 488 1140 acutam
508 1073 676 1160 cuspidem
689 1074 799 1140 habet.
823 1075 910 1139 inter
930 1075 1012 1139 alias
1025 1097 1079 1139 res
1099 1075 1233 1139 obtusas
1251 1081 1284 1139 et
1295 1073 1398 1138 hebe-

235 1191 286 1250 tes
298 1179 483 1272 ἇρτίοτομοι
499 1192 732 1252 enumerantur
747 1187 788 1251 ab
800 1185 1004 1273 Hippocrate
1017 1187 1158 1274 paean
1170 1185 1313 1272 (Foes.):
1336 1185 1401 1250 τῶν

236 1293 277 1386 δὴ
297 1295 417 1383 βελέων
432 1293 564 1384 ῥήγνυσι
586 1292 731 1379 μάλιστα
753 1292 792 1362 τὸ
815 1289 930 1363 ὀστέον
950 1335 967 1344 -
980 1335 997 1344 ·
1018 1292 1059 1361 τὰ
1084 1290 1262 1383 στρογγύλα
1284 1319 1320 1361 τε
1342 1293 1399 1359 καὶ

237 1407 416 1498 περιφορέο
429 1409 485 1476 καὶ
500 1402 693 1496 ἆρτίστομιι,
718 1402 846 1494 ἇμβλέα
857 1431 894 1476 τε
906 1401 984 1474 ὄντα
1000 1405 1059 1473 καί
1073 1407 1177 1494 βαρέα
1195 1405 1252 1473 καὶ
1268 1401 1400 1494 σκληρά.

239 1527 368 1586 constat
389 1529 499 1586 autem
516 1521 693 1608 lapidarios
709 1521 751 1585 ad
772 1519 980 1586 revellendas
999 1521 1141 1585 maiores
1160 1520 1279 1608 lapidis
1298 1521 1400 1606 parti-

238 1634 328 1698 culas
351 1632 399 1697 uti
422 1633 648 1698 instrumentis
673 1632 798 1697 obtusis
810 1634 843 1714 ¹).

328 1746 357 1808 2.
379 1738 609 1827 Λείστριον.
644 1744 879 1828 antiquissimis
895 1745 1097 1830 temporibus
1115 1743 1234 1808 Graeci
1257 1744 1290 1807 iu
1314 1763 1402 1807 com-

237 1856 409 1944 planandis
424 1857 695 1942 laevigandisque
711 1857 810 1921 rebus
834 1855 922 1920 duris
938 1857 1154 1921 instrumento
1171 1855 1256 1941 quod
1271 1850 1403 1940 λίστρον

238 1974 374 2032 vocatur
403 1968 581 2033 utebantur
608 1974 694 2034 teste
724 1968 870 2032 Homero
893 1992 913 2048 χ
936 1971 1014 2032 455;
1048 1964 1230 2053 λίστροισιν
1258 1961 1404 2032 δάπεδον

238 2074 330 2144 πύκα
351 2083 507 2166 ποιητοῖο
530 2074 648 2163 δόμοιο
668 2082 673 2162 Ι
693 2079 777 2160 ξῦον,
805 2079 845 2146 cl.
862 2079 1024 2165 Hesychii
1046 2082 1189 2165 glossas:
1215 2073 1402 2164 λιστρωτόν·

238 2185 361 2273 ὁμαλόν
385 2197 418 2256 et
438 2187 582 2276 λίστρον·
613 2184 748 2278 §verder
774 2186 933 2278 σκαφίον,
957 2185 1062 2257 πτύον
1092 2191 1260 2279 σιδηροῦν,
1285 2187 1403 2274 ὁμαλί-

240 2322 352 2386 στρον,
388 2295 469 2366 ἔνιοι
502 2295 744 2390 δδοιφιστήριον.
805 2303 877 2366 sim.
911 2303 1020 2388 Etym.
1055 2303 1144 2388 Mgn.
1173 2326 1206 2389 p.
1235 2305 1317 2384 587,
1352 2305 1403 2368 47.

240 2408 420 2498 *λιίστριον
441 2413 637 2478 vocabulum
666 2414 771 2478 adhuc
800 2415 999 2499 incognitum
1028 2421 1088 2480 est.
1133 2422 1270 2501 apparet
1293 2420 1402 2479 autem

242 2545 284 2590 ex
307 2524 403 2590 titulo
426 2532 539 2590 nostro
569 2521 731 2611 δοίστριον
759 2527 921 2612 scalprum
954 2547 1114 2610 essequo
1142 2525 1294 2613 lapidarii
1327 2528 1404 2591 sub-

241 2634 426 2701 tilissimam
463 2637 723 2722 assequebantur
754 2638 1018 2722 laevigationem.
1079 2659 1154 2701 nam
1190 2638 1252 2702 hoc
1283 2639 1404 2702 instru-

242 2753 353 2814 mento
375 2754 512 2813 utuntur
539 2747 580 2812 ad
609 2748 805 2834 sculpendos
837 2750 977 2813 laterum
998 2749 1165 2833 margines
1193 2749 1261 2834 (fig.
1285 2752 1314 2830 2,
1339 2752 1357 2814 3
1381 2750 1405 2814 ii

242 2859 327 2942 hh,
357 2881 402 2946 pp
433 2859 510 2945 qq)
543 2861 599 2945 qui
633 2865 768 2947 propter
798 2859 952 2924 subtilem
982 2861 1229 2924 commissuram
1263 2861 1404 2944 diligen-

243 2972 370 3036 tissime
387 2973 531 3036 omnium
554 2979 648 3036 erant
669 2970 886 3058 perpoliendi.
922 2993 996 3036 cum
1011 2991 1089 3036 vero
1101 2967 1264 3058 λιίστριον
1278 2973 1405 3038 dicatur

244 3083 332 3148 λεῖον
354 3079 593 3169 δπηιιονημένον
609 3084 631 3146 i.
649 3105 676 3149 e.
698 3084 772 3148 leve
797 3082 876 3165 (non
889 3082 1072 3164 dentatum)
1097 3088 1131 3147 et
1153 3091 1295 3161 acutum,
1319 3083 1406 3150 haud

246 3195 404 3259 dissimile
439 3194 540 3259 fuisse
568 3194 698 3259 videtur
732 3184 762 3259 ei
790 3196 917 3280 scalpro
949 3195 1036 3280 quod
1067 3194 1216 3260 hodierni
1245 3198 1406 3283 lapicidae

248 3305 535 3389 ,Scherireisen‘²)
565 3313 692 3371 vocant.
737 3306 866 3371 accedit
893 3306 979 3390 quod
1001 3307 1138 3371 formam
1160 3305 1324 3394 λιιστρίοο
1346 3311 1407 3374 ali-

250 3441 347 3505 quam
369 3418 524 3484 habuisse
542 3418 723 3483 cochlearis
740 3417 987 3483 similitudinem
1004 3419 1142 3485 fortasse
1158 3419 1234 3486 iude
1252 3422 1407 3507 colligere

247 3589 414 3658 Fragments
431 3604 494 3658 weg
512 3617 524 3628 ·
542 3617 561 3652 ·‚
582 3605 615 3641 so
640 3587 717 3642 dass
742 3588 817 3642 aine
834 3587 927 3642 feinc
945 3589 1203 3661 Ausarbaitung
1221 3591 1277 3645 der
1295 3591 1408 3645 Stein-

247 3675 362 3730 fldchc
381 3673 531 3728 erreicht
547 3672 654 3727 wird‘.
691 3673 724 3726 cf.
743 3673 800 3726 tab.
817 3675 929 3727 nostrae
946 3674 992 3743 fig.
1011 3675 1052 3728 11.

320 3760 340 3828 ¹)
359 3759 393 3814 cf.
411 3758 584 3812 Karmarsch.
603 3758 620 3812 l.
639 3758 658 3812 1.
676 3776 704 3827 p.
715 3759 777 3812 291:
797 3757 959 3826 ‚Spitzeiseu
977 3758 1101 3813 besitzen
1119 3762 1190 3815 statt
1206 3761 1255 3815 der
1273 3761 1409 3816 Schneide

249 3846 312 3906 eine
323 3844 638 3914 viarseitigpyramidal
650 3844 786 3914 geformtc
798 3873 830 3884 --
843 3847 945 3898 etwas
964 3844 1061 3898 dicke
1076 3845 1143 3900 und
1155 3847 1409 3917 abgestumpfte

250 3931 378 4001 Spina,
395 3938 526 4000 vermdge
552 3931 672 3986 walcher
695 3930 735 3984 sie
752 3929 1024 4000 verhdltnissmassig
1041 3930 1095 3984 tias
1114 3932 1280 4002 eiudringen
1296 3934 1410 3988 konnen

250 4017 308 4072 und
332 4016 391 4070 sich
416 4034 478 4070 zum
502 4017 714 4085 Wegsprcngen
740 4021 879 4085 grdsserer
908 4015 1144 4086 Steinfragmente
1180 4017 1298 4088 signen‘.
1345 4019 1410 4074 vide

250 4103 438 4169 Bliimncrum‚
458 4101 605 4155 Terminol.
625 4103 654 4156 ct
672 4101 804 4155 Technol.
823 4101 876 4154 vol.
894 4101 922 4155 II
939 4120 967 4170 p.
985 4103 1036 4154 215
1055 4120 1094 4171 sq.

323 4189 344 4257 ²)
364 4187 396 4242 cf.
419 4187 593 4241 Karmarsch.
615 4187 633 4241 l.
656 4188 674 4242 1.
693 4206 720 4256 p.
739 4187 803 4240 289:
833 4187 1084 4251 ‚Scharireiseu
1110 4188 1156 4243 eiu
1180 4189 1334 4260 zweiseitig
1358 4208 1412 4244 nu·

251 4273 483 4344 geschtrfter‚
502 4274 564 4326 sehr
576 4273 681 4328 breiter
698 4273 816 4337 Mcissel‚
835 4273 933 4327 desscn
945 4273 1144 4344 gradlinige
1162 4275 1412 4344 Schneide2-31l2

252 4360 311 4414 Zoll
334 4360 425 4424 misst‚
451 4358 509 4412 und
531 4359 584 4412 mit
605 4360 739 4415 walchem
763 4376 857 4428 grosse
883 4359 969 4414 ebene
993 4360 1114 4414 Flaclrcn
1134 4361 1305 4416 schliesslich
1328 4379 1411 4432 ganz

252 4446 349 4516 grata
366 4446 492 4501 behauen
510 4444 637 4501 werdau‘.
674 4445 707 4499 cf.
725 4446 772 4514 fig.
792 4445 832 4498 10.
