3310 5254
720 444 933 510 „34-

333 627 416 693 (lum
438 651 500 715 pro
524 629 662 715 singulis
683 631 815 696 milibus
838 631 1022 696 litterarum
1036 607 1179 718 pretium
1197 633 1409 697 constitutum

246 740 289 804 sit
305 740 509 826 singulorum
526 746 683 806 staterum
700 748 733 808 et
749 748 917 807 ternorum
933 743 1114 825 obolorum,
1138 745 1226 829 quod
1249 745 1350 809 efficit
1367 767 1411 810 ex

245 852 372 917 ratione
394 850 508 917 Attica
531 859 641 918 ternas
664 853 834 920 drachmas
859 861 892 920 et
914 862 1026 920 ternos
1049 855 1118 921 fere
1153 855 1320 942 0b010s1),
1349 878 1409 943 pro

244 964 363 1030 litteris
392 971 524 1034 nostrae
558 966 691 1030 tabulae
721 966 834 1031 incisis
869 965 1016 1052 (circiter
1046 973 1120 1033 octo
1151 968 1284 1032 milibus
1315 969 1409 1052 quin-

244 1076 369 1162 gentis)
402 1076 539 1162 triginta
567 1077 637 1144 fere
666 1077 840 1144 drachmae
868 1077 1000 1144 Atticae
1029 1081 1156 1146 solutae
1187 1086 1272 1145 sunt.
1326 1101 1408 1164 quae

246 1209 372 1256 summa
394 1210 467 1254 cum
489 1189 605 1275 pretiis
634 1189 667 1254 in
700 1190 812 1255 titulos
841 1191 1059 1258 conficiendos
1090 1193 1233 1276 erogatis
1262 1212 1345 1277 quae
1375 1193 1409 1258 in

245 1300 387 1366 decretis
419 1308 552 1368 senatus
587 1307 621 1368 et
651 1303 765 1390 populi
792 1302 1046 1370 Atheniensium
1078 1304 1407 1389 commemorantur2)

244 1434 310 1478 nou
333 1420 409 1500 apte
433 1414 615 1500 comparari
637 1420 757 1501 potest,
781 1436 857 1480 cum
880 1437 943 1501 quo
965 1417 1072 1502 pretio
1095 1416 1285 1503 redemptor
1300 1416 1407 1482 Leba-

245 1524 355 1590 densis
372 1527 502 1592 tabulas
518 1526 715 1612 sculpendas
739 1532 773 1592 at
792 1527 984 1594 statuendas
1001 1528 1195 1594 conduxerit
1210 1530 1408 1609 nesciamus,

245 1658 382 1722 cumque
404 1639 511 1724 pretia
533 1639 567 1702 in
586 1638 726 1703 decretis
742 1638 863 1704 Atticis
881 1637 1062 1725 (denarum,
1086 1641 1285 1723 vicenarum,
1309 1643 1407 1707 trice-

243 1769 375 1830 narum,
411 1769 651 1836 sexagenorum
684 1749 924 1837 drachmarum)
959 1774 1026 1817 non
1062 1753 1168 1818 solum
1197 1775 1256 1838 pro
1287 1754 1406 1819 litteris

244 1861 442 1944 incidendis,
473 1863 532 1929 sed
556 1864 656 1931 etiam
678 1885 737 1950 pro
760 1864 882 1929 tabulis
911 1886 954 1929 ex
976 1865 1161 1951 lapicidinis
1184 1866 1326 1952 publicis
1349 1864 1407 1930 ad-

246 1974 415 2056 vehendis,
440 1975 639 2062 sculpendis,
665 1976 846 2042 statuendis
871 1976 1165 2042 constitutaesint.
1264 2037 1267 2044 .

330 2086 397 2163 §a
432 2083 476 2171 (v.
503 2084 666 2170 12-15).
702 2090 845 2166 operator
871 2091 973 2152 estem
997 2088 1143 2152 coeliaco
1161 2088 1314 2168 pecuniae
1333 2108 1409 2170 pers»

245 2196 332 2260 sicae
362 2201 486 2277 accepta
515 2197 602 2260 istro
629 2197 695 2261 de'es
715 2197 828 2275 ἀειεαι,
858 2197 1008 2262 adhibitis
1038 2200 1140 2279 operis
1165 2201 1257 2264 sociis
1278 2205 1409 2280 prepter

243 2311 343 2372 artem
370 2307 491 2372 ιἰἰοιιειε
523 2326 652 2372 numero
683 2308 847 2373 minimam
878 2309 1015 2390 quisque
1023 2307 1062 2395 ³).
1111 2332 1155 2375 ex
1186 2313 1408 2397 operariorum

245 2441 326 2506 quos
355 2420 543 2507 redemptor
572 2420 729 2488 adhibere
761 2420 883 2486 debeat
918 2443 1055 2488 numero
1070 2422 1096 2508 ⁴)
1134 2423 1290 2508 colligere
1330 2426 1409 2490 licet

316 2661 337 2730 1)
357 2662 371 2714 1
391 2663 456 2716 stat.
475 2663 504 2715 et
521 2661 538 2716 3
559 2660 630 2715 obol
650 2660 817 2716 Boeotorum
831 2683 864 2706 =
878 2660 937 2724 3,47
961 2659 1084 2715 drachm.
1102 2660 1188 2717 Attio.
1202 2686 1235 2708 =
1249 2663 1307 2727 271
1326 2663 1408 2718 Marh

246 2749 275 2815 (5
295 2747 398 2803 drchm.
421 2747 517 2801 Boeot.
530 2747 591 2800 =l
611 2745 650 2800 dr.
672 2747 732 2801 Att.
745 2769 777 2791 =
790 2745 851 2811 b,50
863 2745 963 2813 Mark).
1005 2745 1037 2801 cf.
1061 2747 1192 2818 Hultsch,
1218 2748 1264 2804 Gr.
1283 2768 1309 2804 u.
1328 2750 1409 2807 Rem.

247 2833 357 2888 Metrol.
376 2851 403 2903 p.
422 2832 473 2887 257
492 2850 532 2902 sq.

315 2920 338 2987 ²)
355 2919 389 2973 cf.
408 2918 524 2983 Schbnc,
543 2917 650 2972 Griech.
668 2917 728 2971 sel.
747 2936 774 2987 p.
795 2919 904 2972 17-19.
922 2935 1025 2987 -pro
1043 2914 1135 2973 titulis
1153 2920 1220 2975 cll.
1242 2921 1269 2975 Π
1291 2924 1323 2977 17
1348 2921 1408 2991 (qui

244 3004 392 3060 Nausinici
418 3009 498 3058 anno·
522 3003 641 3074 scriptus
665 3003 718 3070 est)
749 3002 908 3058 litterarum
934 3021 956 3059 c.
980 3005 1082 3070 ΜΜΜ,
1104 3008 1133 3060 et
1158 3006 1225 3060 CIA.
1252 3008 1280 3062 Π
1303 3010 1351 3062 167
1373 3009 1407 3063 de

245 3090 428 3145 munimentis
448 3090 623 3143 Athenarum
648 3088 751 3160 scripto
774 3106 796 3143 c.
821 3105 921 3143 novem
949 3089 1058 3144 milium
1087 3091 1246 3146 litterarum
1275 3109 1407 3149 sexcenec

245 3178 392 3232 drachmae
411 3176 518 3230 solutae
531 3178 604 3241 sunt,
623 3175 740 3245 duplum
752 3175 875 3245 pretium
892 3193 977 3244 quam
994 3194 1049 3245 qno
1062 3180 1125 3233 octo
1143 3178 1223 3232 milia
1236 3180 1408 3249 quingentae

245 3263 358 3318 litterae
377 3261 544 3316 constabant
560 3261 751 3331 inscriptionis
770 3260 946 3316 Lebadensis.

317 3352 337 3418 ⁸)
355 3350 399 3404 Ad
420 3349 537 3404 formam
560 3349 705 3419 ἐργᾶται
728 3350 763 3419 (v.
783 3349 828 3413 12,
851 3349 1023 3414 cf.vv.102,
1043 3349 1103 3418 115)
1127 3351 1159 3404 cf.
1182 3350 1303 3418 Kiihner,
1327 3353 1404 3407 Ausf.

246 3437 291 3492 Gr.
306 3436 333 3490 d.
348 3435 394 3492 Gr.
409 3434 469 3506 Spr.
481 3435 502 3489 I.
517 3453 544 3508 p.
554 3435 613 3499 572,
631 3434 830 3505 Dittenberger
846 3434 878 3488 in
894 3435 998 3489 Herma
1016 3435 1105 3490 Berol.
1118 3436 1184 3490 XVI
1198 3455 1226 3506 p.
1238 3439 1288 3491 172
1305 3441 1364 3493 not.
1374 3471 1408 3479 -

246 3523 284 3576 do
289 3541 341 3582 σις
350 3525 385 3592 (ν.
396 3523 440 3589 13)
450 3521 547 3592 pensio
561 3523 603 3575 est
614 3521 699 3591 pretii
709 3539 764 3591 quo
774 3522 932 3592 redemptor
941 3541 1010 3592 opus
1019 3523 1064 3577 vel
1075 3522 1134 3576 eius
1143 3525 1253 3593 partem
1262 3523 1356 3579 licitus
1366 3528 1408 3580 est

247 3609 291 3676 (of.
301 3626 346 3666 vv.
357 3610 400 3675 48,
409 3609 451 3674 54,
461 3607 502 3673 60,
514 3608 554 3672 78,
567 3607 623 3677 81);
642 3607 673 3662 in
686 3607 868 3678 inscriptione
877 3608 1008 3664 Boeotios
1018 3609 1122 3663 saeculi
1131 3627 1156 3664 a.
1168 3610 1229 3664 Chr.
1239 3628 1267 3663 n.
1277 3610 1360 3680 primi
1369 3610 1408 3664 Le
1466 3680 1468 3684 Ι

245 3697 299 3752 Bas
312 3695 363 3751 467
375 3695 452 3763 (Cle.
463 3694 540 3764 1570)
559 3695 699 3766 legiturv.
709 3695 755 3750 35:
773 3695 898 3750 δότωσαν
915 3695 964 3755 τσὶς
982 3695 1072 3756 δόσεις
1089 3699 1127 3768 τῷ
1145 3695 1259 3769 ἕργώνῃ.
1289 3697 1407 3752 Athonis

245 3781 380 3853 pecuniae
389 3783 486 3836 mutuo
500 3781 584 3835 datae
593 3781 690 3852 pensio
701 3780 776 3840 δόσις
790 3782 927 3850 appellari
937 3783 1015 3847 solet,
1032 3783 1235 3838 0111111273.
1261 3784 1292 3837 in
1305 3783 1408 3853 incrip·

245 3866 483 3935 tioneMylasensi
493 3867 568 3937 apud
581 3867 620 3922 Le
633 3867 686 3922 Bas
699 3867 748 3922 421
762 3867 923 3937 (olentes)
938 3869 1070 3938 leguntur
1079 3869 1176 3924 verba:
1194 3867 1261 3923 ὅταν
1270 3869 1407 3939 ποιήσων-

245 3971 290 4006 ται
299 3952 349 4020 τήν
359 3951 437 4004 δόσιν
449 3953 504 4004 τῶν
515 3953 719 4023 γεγραμμένων
727 3951 887 4026 χρημάτων,
900 3952 946 4006 καὶ
958 3954 1084 4007 δότωσαν
1094 3955 1121 4008 oc‘
1131 3954 1228 4025 ταμίαι
1237 3956 1294 4014 τοῖς
1305 3952 1407 4027 ἄνδρα·

245 4056 290 4092 σιν
307 4037 364 4097 τοῖς
381 4039 599 4108 καθεσταμένας
617 4037 661 4091 ἐστὶ
679 4040 734 4092 τῶν
752 4041 1008 4112 προγεγραμμένων
1027 4039 1123 4114 ἔργων.
1143 4072 1175 4080 -
1195 4041 1230 4096 de
1248 4059 1278 4096 re
1296 4041 1329 4096 of.
1340 4047 1355 4106 ξ
1368 4042 1407 4096 10.

317 4125 338 4192 ⁴)
356 4123 423 4179 Cum
443 4124 537 4194 plures
560 4124 668 4180 duobus
685 4125 814 4195 lapicidis
837 4127 868 4181 in
885 4144 942 4181 una
960 4127 1059 4181 tabula
1080 4128 1209 4182 facienda
1227 4128 1310 4182 simul
1328 4146 1408 4184 occu·

245 4209 308 4281 pati
330 4226 388 4264 esse
411 4226 469 4264 non
491 4210 611 4279 possint,
635 4211 789 4266 necessario
808 4212 988 4268 statuendum
1010 4215 1052 4267 est
1077 4213 1168 4268 minus
1190 4214 1281 4268 tribus
1303 4213 1408 4269 tabulis

245 4295 467 4366 redemptoribus
479 4295 598 4366 singulis
611 4297 762 4352 conducere
773 4315 829 4352 non
838 4298 957 4354 licuisse.
985 4316 1002 4352 a
1020 4299 1208 4368 compluribus
1221 4299 1408 4367 quadratariis

245 4381 347 4436 titulus
364 4381 528 4436 Eretriensis
547 4377 605 4452 Ἐφ.
630 4377 691 4456 cipp.
715 4402 775 4455 περ.
798 4383 821 4452 β
842 4402 870 4438 n.
887 4385 939 4438 404
964 4385 1068 4440 incisus
1080 4387 1139 4439 est.
1176 4386 1208 4440 cf.
1232 4403 1304 4455 quae
1322 4387 1407 4440 adno-

156 4475 158 4480 ‘
245 4467 319 4523 tavit
336 4467 427 4522 editor
444 4487 471 4539 p.
484 4468 548 4522 322:
576 4467 606 4522 ἐν
618 4513 622 4517 .
627 4469 703 4538 γένει
725 4469 755 4522 dd
779 4470 808 4522 at
825 4469 1005 4543 elcesaitae
1022 4471 1101 4524 λίθον
1119 4470 1276 4542 φαίνονται,
1294 4469 1337 4526 ὅτι
1353 4471 1408 4525 αἰνὰ
