3310 5254
704 458 916 520 ,13-

230 642 271 710 de
303 642 421 728 quibus
451 643 661 711 conficiendis
689 644 797 728 agitur
822 665 852 708 v.
881 647 921 708 67
950 665 1019 731 sqq.
1051 665 1163 710 carum
1192 664 1384 710 coronarum

229 760 380 841 quattuor
401 756 483 820 fiunt
506 762 672 822 ternorum
694 754 814 842 pedum
836 754 1064 842 longitudinis,
1088 757 1233 842 reliquae
1258 763 1385 844 septem

228 889 364 933 numero
394 889 492 933 senos
530 867 599 933 sive
634 868 750 954 quinos
779 868 881 953 pedes
908 868 1077 954 longae1).
1132 890 1215 954 quae
1245 891 1386 938 coronae

227 979 381 1046 undecim
412 1002 525 1046 omnes
558 981 753 1046 coniunctae
785 981 998 1066 longitudinis
1033 988 1138 1063 erant,
1168 983 1196 1046 si
1227 1003 1385 1048 summam

229 1093 457 1173 subducimus,
484 1093 653 1158 minimum
674 1093 795 1181 pedum
817 1093 1186 1181 undequinquagintff),
1208 1095 1255 1159 ita
1276 1102 1313 1160 ut
1334 1096 1385 1161 his

228 1205 381 1272 undecim
417 1207 546 1272 coronis
582 1207 725 1289 tabulas,
764 1207 792 1272 si
828 1206 957 1293 quidem
991 1213 1122 1273 nostrae
1158 1207 1290 1273 tabulae
1318 1214 1385 1273 tres

228 1317 330 1405 pedes
358 1319 445 1384 latae
468 1325 560 1384 erant
587 1319 725 1399 similes,
757 1317 901 1385 sedecim
923 1319 1092 1384 minimum
1123 1340 1258 1385 numero
1288 1340 1385 1386 oxor-

228 1437 321 1496 natas
350 1431 452 1498 finisse
480 1453 639 1519 ponamus
668 1453 805 1498 necesse
838 1432 895 1497 sit:
925 1431 1012 1498 unde
1041 1432 1196 1518 colligere
1222 1433 1301 1498 licet
1335 1433 1386 1498 his

229 1542 374 1610 sedecim
395 1545 516 1610 tabulis
545 1551 676 1612 centum
697 1545 832 1631 triginta
853 1544 923 1611 fere
954 1545 1045 1610 milia
1072 1545 1254 1611 litterarum
1281 1546 1386 1612 incisa

227 1655 342 1722 fuisse.

314 1768 397 1834 Elam
419 1774 531 1834 autem
553 1768 802 1855 inscriptionum
818 1767 948 1850 seriem,
971 1766 1012 1833 de
1034 1789 1099 1853 qua
1113 1767 1263 1834 socienda
1277 1768 1386 1854 agitur

227 1881 261 1945 in
284 1879 325 1945 iis
348 1900 431 1966 quae
453 1901 483 1946 v.
507 1882 548 1944 67
570 1878 785 1962 antecedunt,
814 1880 909 1945 alteri
931 1879 1097 1966 perfectae
1120 1880 1260 1946 similem
1282 1880 1385 1947 fuisse

229 2015 302 2059 oum
324 2015 384 2080 per
406 2014 441 2059 se
464 1993 635 2080 probabile
659 1993 711 2075 eit,
734 1998 863 2058 tumeo
887 1992 1106 2074 confirmatur,
1129 1991 1216 2077 quod
1238 2015 1268 2058 v.
1283 1996 1322 2058 73
1336 2015 1383 2081 sq.

227 2105 338 2171 addita
369 2111 444 2170 sunt
473 2105 574 2170 verba
600 2101 658 2170 καὶ
685 2101 818 2190 ἐργᾶται
845 2097 956 2168 πάντα
982 2097 1098 2183 καθὼς
1125 2101 1183 2170 καὶ
1213 2103 1291 2192 περὶ
1321 2107 1386 2172 τῶν

228 2212 340 2284 ἐπάνω
354 2214 545 2304 γέγραπται.
581 2237 739 2282 novarum
754 2236 883 2302 quoquo
898 2216 1082 2282 tabularum
1097 2237 1268 2283 numerum
1282 2217 1386 2284 luisse

229 2330 309 2395 satis
331 2349 484 2414 magnum
518 2349 592 2394 cum
620 2350 662 2395 ex
689 2328 769 2416 ipsis
791 2328 977 2416 praeceptis
986 2325 1014 2416 ⁸)
1044 2329 1187 2411 eluceat,
1217 2336 1286 2394 tum
1308 2330 1386 2397 inde

227 2448 377 2530 apparet,
411 2440 498 2527 quod
535 2441 665 2507 omnino
701 2446 752 2506 tot
783 2445 961 2528 praecepta
1002 2440 1043 2508 de
1082 2441 1292 2508 conficiendis
1333 2441 1385 2508 his

228 2553 494 2642 inscriptionibus
524 2553 707 2641 composita
728 2558 812 2620 sunt.
857 2573 964 2637 neque
987 2573 1064 2618 vero
1092 2555 1264 2641 quisquam
1285 2555 1385 2620 mira-

227 2668 316 2733 bitur
347 2666 569 2753 inscriptionis
598 2666 782 2731 tabularum
816 2685 987 2730 numerum
1016 2686 1121 2751 paene
1149 2667 1384 2750 incredibilem,

228 2781 258 2846 si
289 2780 528 2866 contemplatus
564 2779 628 2846 erit
660 2798 757 2865 quam
791 2776 923 2864 copioso
958 2775 1116 2864 (quinque
1152 2778 1221 2844 fere
1252 2780 1385 2845 milibus

227 2894 422 2975 litterarum)
438 2891 666 2958 describantur
685 2889 843 2956 tredecim
865 2890 914 2954 illi
935 2889 1073 2977 lapides,
1096 2890 1137 2956 de
1160 2891 1278 2977 quibus
1299 2893 1385 2958 scul-

227 3005 344 3094 pendis
373 3010 407 3072 et
439 3003 636 3070 collocandis
666 3008 842 3091 praecepta
868 3003 1090 3091 inscriptionis
1113 3009 1262 3071 servatae
1292 3011 1385 3093 parte

227 3117 444 3205 posteriore⁴l
468 3117 683 3184 continentur.
729 3114 816 3203 quod
839 3116 866 3180 si
888 3116 989 3182 totius
1012 3115 1153 3182 aedificii
1175 3122 1286 3204 partes
1308 3139 1384 3205 par·

228 3231 412 3317 ticulaeque
430 3250 543 3295 omnes
560 3227 675 3294 eadem
695 3227 868 3314 diligentie
880 3233 973 3295 erant
988 3228 1183 3316 descriptae,
1197 3230 1385 3296 mehercule

228 3363 271 3408 no
294 3348 466 3410 sescentae
495 3341 626 3427 quidem
652 3341 784 3406 tabulae
813 3339 1028 3409 sufficiebant.
1074 3362 1135 3408 nec
1158 3340 1275 3408 mirum
1299 3341 1385 3429 quod

228 3455 328 3522 aedes
350 3455 397 3521 ita
419 3454 585 3541 descripta
605 3453 753 3539 perfecta
773 3474 839 3518 non
862 3458 923 3519 ost.

314 3567 386 3643 Qua
424 3589 461 3633 re
501 3566 544 3632 ad
578 3566 715 3632 alteram
759 3565 980 3654 inscriptionis
1018 3571 1145 3653 partem
1181 3586 1382 3633 revocamur.

228 3701 325 3746 nemo
349 3685 438 3746 certe
462 3679 554 3765 leges
576 3676 747 3745 locationis
770 3698 854 3764 quae
877 3698 917 3744 ea
937 3682 1032 3765 parto
1054 3678 1263 3746 continentur
1284 3679 1383 3766 leget,

299 3929 319 3997 ¹)
338 3927 372 3984 cf.
390 3947 414 3983 v.
434 3927 545 3983 75—77.

298 4015 320 4083 ¹)
338 4015 472 4083 quattuor
491 4027 608 4068 coronae
626 4010 777 4081 tripedales
942 4009 1021 4064 =12
1039 4009 1101 4081 ped.
1119 4010 1220 4081 longit.

339 4100 411 4156 duae
431 4100 478 4168 (ad
494 4098 613 4168 minim.)
631 4114 748 4153 coronae
766 4096 1018 4167 serpedales=12
1037 4096 1099 4168 ped.
1117 4097 1218 4168 longit.

340 4186 464 4255 quinque
482 4201 599 4241 coronae
617 4183 854 4254 quinquepedales
940 4207 972 4229 =
985 4183 1019 4237 25
1036 4183 1099 4254 ped.
1117 4182 1218 4254 longit.

339 4308 469 4363 undecim
487 4323 604 4364 coronae
940 4329 973 4351 =
984 4305 1020 4360 49
1037 4304 1100 4376 ped.
1118 4305 1218 4375 longit.

300 4404 450 4473 Ud53

299 4485 321 4557 ⁸)
339 4507 382 4545 vv.
400 4489 528 4544 89-189.
