3310 5254
698 487 910 548 -31-

228 665 381 751 ξύσαντες
411 665 473 757 γὰρ
503 666 654 757 ἑκάτερον
680 672 741 757 (sc.
765 667 803 738 τὸ
827 667 923 752 ξύλον
949 668 988 738 τὸ
1018 665 1146 758 ἀχρεῖον
1172 670 1230 738 καὶ
1261 665 1386 760 ἔφορον

226 781 465 868 (infecundum)
488 781 546 848 καὶ
567 778 606 848 τὸ
629 780 700 848 νέον
721 782 777 849 καὶ
800 777 923 870 εὐγενὲς
944 780 1060 872 φυτόν)
1084 781 1267 872 ἐπίσφηνον
1281 785 1385 870 (vulg.

226 891 415 981 ἐπίσφινον)
439 887 510 974 ὀξεῖ
531 889 682 980 δρεπάνῳ
704 891 779 976 xri,
803 903 941 981 utraque
964 903 1057 982 parte
1082 903 1231 978 cuneata,
1254 897 1312 961 ubi
1325 897 1387 960 viri

226 1005 314 1070 docti
353 1007 602 1093 perversissime
640 1008 847 1094 interpretati
886 1016 961 1072 sunt
1006 1003 1156 1093 ἑκάτερον
1194 1004 1385 1095 ἐπίοφηνον,

227 1124 409 1202 ,utrumque
433 1119 619 1182 surculum‘.

311 1229 352 1293 V.
381 1233 454 1293 155:
492 1225 620 1314 μίλτῳ
648 1225 858 1294 Σινιοπίδι.
910 1229 951 1294 de
978 1226 1109 1295 rubrica
1142 1230 1317 1317 Sinopensi
1345 1231 1386 1294 cf.

227 1339 333 1405 Strab.
357 1340 426 1404 XII
450 1344 479 1419 2,
505 1345 543 1404 10
566 1364 597 1427 p.
621 1345 694 1421 540,
718 1341 802 1406 Vitr.
826 1341 892 1406 VH
917 1345 945 1423 7,
968 1342 1052 1406 Plin.
1078 1345 1130 1423 35,
1153 1345 1209 1418 31;
1237 1342 1385 1424 Boeclrh,

228 1449 455 1516 Staatshaush.
480 1451 515 1516 II
536 1475 569 1538 p.
592 1455 663 1516 354.

310 1563 366 1628 De
400 1563 586 1628 versibus
619 1566 822 1628 roa-168.
878 1563 964 1647 quod
993 1564 1163 1629 Vitruvius
1201 1565 1241 1630 de
1276 1565 1383 1630 archi-

224 1679 370 1738 tecturae
409 1675 703 1761 conscriptionibus
737 1676 771 1740 in
802 1676 877 1739 libri
908 1677 1012 1760 quinti
1040 1678 1209 1762 prooemio
1240 1699 1384 1763 pronun-

224 1787 336 1867 tiavit,
359 1779 519 1850 vocabula
542 1807 585 1850 ex
607 1787 687 1850 artis
710 1787 842 1872 propria
864 1788 1062 1852 necessitate
1087 1795 1248 1874 concepta
1270 1789 1382 1852 incon-

225 1903 320 1961 sueto
350 1918 501 1962 sermone
531 1897 660 1962 obicere
685 1898 837 1962 sensibus
862 1898 1112 1979 obscuritatem,
1142 1898 1175 1962 id
1200 1901 1384 1964 cumomni

225 2007 366 2073 aedificii
394 2009 462 2072 sive
495 2013 678 2072 structurae
711 2007 930 2094 descriptione
959 2014 1027 2072 tum
1057 2009 1179 2095 optime
1206 2010 1387 2074 illustratur

223 2121 272 2184 eis
301 2119 595 2204 conscriptionibus
626 2139 709 2203 quae
741 2118 829 2183 tituli
859 2119 964 2184 nostri
990 2121 1195 2206 paragrapho
1225 2143 1312 2187 nona
1341 2124 1384 2203 (v.

227 2230 388 2315 roa-68)
413 2231 633 2295 continentur.
678 2231 734 2294 vix
758 2231 844 2296 enim
868 2231 1027 2316 suspicari
1049 2253 1235 2318 possumus,
1259 2234 1384 2318 quade

223 2364 259 2407 re
287 2342 334 2406 ihi
360 2348 492 2426 agatur,
526 2363 599 2405 oum
629 2341 789 2405 vocabula
819 2362 902 2425 quae
938 2342 984 2406 ibi
1014 2343 1168 2427 leguntur
1202 2351 1260 2409 aut
1289 2345 1385 2410 valde

225 2454 406 2518 insolenter
427 2458 585 2536 usurpata
607 2458 665 2515 aut
685 2453 782 2536 plane
805 2452 918 2537 ignota
943 2454 1021 2533 sint,
1044 2460 1080 2517 ut
1102 2455 1384 2541 τριμμοτολογεῖν,

224 2557 397 2645 fiexuosos,
421 2555 668 2642 ἇνυπόπαοτος,
693 2555 888 2647 ὁμοτριβεῖν.

311 2670 446 2760 Τρίμμα
473 2674 506 2737 id
538 2674 645 2760 ipsum
672 2673 791 2738 dicitur
816 2674 902 2757 quod
929 2675 1041 2738 tritum
1064 2682 1127 2740 est:
1158 2668 1249 2755 ,airh
1271 2678 1309 2742 τὸ
1333 2699 1383 2741 ra-

220 2785 415 2873 rptppe'vor‘.
463 2781 505 2851 τὰ
531 2781 701 2871 τρίμματα
724 2786 823 2870 igitur
843 2785 884 2851 de
908 2787 1026 2871 quibus
1049 2809 1079 2853 v.
1105 2790 1165 2852 165
1192 2789 1302 2873 agitur
1324 2809 1383 2853 eae

221 2899 340 2984 lapidis
364 2904 475 2983 partes
499 2917 573 2962 esse
596 2897 749 2961 videntur
772 2918 856 2981 quae
880 2899 958 2961 tritu
980 2900 1162 2984 perpolitae
1187 2906 1271 2964 sunt.
1310 2921 1383 2964 cum

223 3017 333 3075 autem
357 3031 400 3073 ex
420 3015 606 3074 nostrorum
629 3007 842 3094 lapicidarum
865 3030 928 3073 usu
939 3009 964 3092 1)
988 3010 1203 3095 probabiliter
1227 3013 1381 3097 colligere

220 3122 307 3202 licet,
332 3128 400 3186 tum
424 3142 467 3184 ex
486 3121 566 3205 ipsis
581 3120 802 3186 monumentis
823 3121 1021 3206 perspicitur
1035 3143 1054 3186 a
1069 3123 1234 3188 veteribus
1253 3145 1381 3208 quoque

221 3232 388 3318 lapidariis
405 3230 531 3316 lapides
548 3252 662 3296 caesos
681 3236 714 3294 et
731 3231 909 3316 sculpendo
924 3233 1104 3316 laevigatos
1121 3241 1286 3319 postremo
1303 3237 1382 3300 tritu

221 3345 267 3408 ita
293 3343 525 3430 perpoliendos
547 3342 665 3422 fuisse,
694 3349 730 3405 ut
761 3343 844 3406 alter
874 3344 969 3407 alteri
997 3346 1239 3410 accuratissime
1268 3355 1382 3432 posset

220 3455 377 3542 adaptari.
422 3455 464 3519 ab
494 3475 534 3518 ea
564 3460 674 3518 autern
704 3453 942 3538 significatione
973 3456 1006 3519 in
1035 3477 1099 3540 qua
1128 3456 1380 3542 *τριμματο-

218 3567 359 3652 λογεῖν
381 3566 517 3630 verbum
548 3571 660 3628 natum
686 3569 801 3628 est-
825 3565 962 3631 alicuius
993 3568 1042 3632 rei
1072 3589 1258 3632 mensuram
1283 3593 1380 3655 τριμ-

219 3672 332 3761 μάτιον
355 3699 416 3763 ope
441 3677 595 3760 colligere
620 3713 661 3724 -
684 3676 860 3741 manifesto
884 3678 1018 3763 opifices
1041 3679 1088 3742 ita
1107 3679 1320 3761 decedebant,
1343 3689 1380 3746 ut

220 3790 412 3854 vocabulum
435 3788 516 3853 illud
539 3809 604 3852 non
628 3790 733 3853 solum
756 3788 843 3854 idem
866 3789 1025 3856 indicaret
1048 3797 1145 3876 atque
1170 3793 1379 3872 „examinare

221 3903 380 3985 politurae
396 3901 634 3986 perfectionem
658 3901 881 3966 ratiocinando
906 3922 948 3966 ex
971 3901 1116 3987 lapidum
1133 3904 1280 3988 partibus
1302 3926 1378 3990 per-

223 4022 426 4033 *—

290 4071 310 4139 1)
330 4071 363 4125 cf.
383 4071 555 4124 Karmarsch.
574 4069 622 4123 1.1.
635 4087 662 4138 p.
676 4069 739 4123 331:
764 4069 813 4134 ‚Da
831 4069 918 4124 durch
936 4070 1068 4125 Behauen
1086 4101 1097 4111 -
1109 4101 1121 4111 ·
1139 4071 1297 4143 uberhaupt
1314 4074 1379 4128 mit-

218 4157 285 4211 telst
297 4157 500 4227 Werkzeugen‚
518 4155 623 4210 welche
636 4155 830 4225 absprengend
842 4155 900 4209 und
913 4157 1053 4210 schabend
1064 4157 1180 4224 wirken‚
1193 4189 1225 4200 -·
1237 4159 1378 4214 niemals
1439 4158 1442 4164 ’

218 4242 294 4297 eine
312 4243 415 4298 recht
439 4243 555 4312 glatts
573 4240 778 4296 Oberflbche
803 4245 944 4312 erzeugt
961 4243 1095 4298 werden
1113 4244 1213 4311 kann,
1237 4263 1270 4300 so
1287 4263 1378 4300 musa

217 4346 293 4382 man
314 4327 503 4398 jederzeit‚
527 4344 624 4381 wenn
650 4325 705 4380 ein
731 4326 839 4380 hoher
863 4327 950 4382 Grad
973 4346 1038 4383 von
1060 4329 1180 4383 clause
1207 4329 1378 4386 erfordert

217 4414 313 4480 wird‚
341 4415 473 4467 zuletzt
496 4431 569 4467 zum
587 4410 764 4466 Abreiben
789 4411 838 4466 der
855 4413 927 4468 noch
944 4415 1142 4469 vorhandenen
1160 4415 1377 4486 Rauhigkeiten‚

217 4499 243 4554 d.
261 4501 289 4555 h.
307 4518 370 4554 zum
388 4499 527 4554 Schleifen
545 4498 620 4553 scine
638 4497 765 4552 Zuflucht
782 4499 918 4555 nahmen‘.

267 4603 391 4656 Fabricius,
406 4603 433 4646 de
446 4602 593 4645 architectura
605 4602 696 4646 Graeca.
1206 4604 1222 4658 6
