3310 5254
715 464 927 526 ..24-

242 647 317 715 dine
349 655 383 714 et
411 651 595 736 argumenti
628 651 787 737 gravitate
821 652 968 738 insignes
995 657 1126 738 praetor
1152 655 1399 714 monumentum

241 761 436 828 Lebadeuse
464 763 552 828 diem
579 765 724 830 tulerunt
746 764 864 850 quibus
887 770 1065 850 praecepta
1095 763 1135 827 de
1159 762 1314 850 operibus
1338 782 1397 826 ex-

242 875 405 940 struendis
421 875 497 940 data
514 877 730 956 continentur,
752 878 862 962 legem
877 874 949 941 dico
972 874 1013 940 de
1028 875 1247 941 locationibus
1263 895 1398 960 operum

240 986 445 1075 publicorum
469 993 503 1052 ot
533 1008 698 1052 sacrorum
722 988 853 1072 Tegeae
876 989 910 1051 in
938 987 1056 1074 oppido
1080 986 1242 1051 Arcadiae
1266 987 1397 1050 saeculo

241 1121 269 1164 a
286 1097 362 1166 Ohr.
378 1121 410 1166 n.
432 1099 528 1164 tertio
547 1107 693 1164 extremo
709 1101 742 1164 ni
757 1099 853 1164 fallor
874 1101 1114 1187 promulgatam
1122 1099 1149 1182 1)
1173 1105 1206 1162 et
1227 1098 1397 1186 locationis

242 1211 492 1276 instrumentum
509 1211 549 1276 de
565 1211 741 1277 reficiendo
759 1213 881 1298 templo
897 1210 1062 1298 Apollinis
1078 1210 1169 1276 Delii
1192 1210 1307 1276 eadem
1329 1210 1397 1274 fere

242 1328 350 1389 aetate
368 1324 584 1410 compositum
592 1321 633 1409 ²).
667 1323 850 1388 cuiusmodi
863 1324 1043 1388 locationes
1058 1323 1093 1388 in
1110 1323 1221 1386 multis
1239 1321 1397 1386 Graeciae

245 1435 431 1502 civitatibus
454 1436 488 1500 in
511 1457 573 1500 usu
596 1435 698 1500 fuisso
714 1435 892 1500 verisimile
917 1441 976 1500 ost.
1010 1456 1085 1499 uam
1107 1441 1199 1499 tanta
1221 1433 1398 1499 similitudo

243 1553 407 1612 atrorum
430 1567 513 1632 quae
535 1547 780 1633 praecipiuntur
802 1553 836 1611 et
858 1547 1070 1611 formularum
1092 1567 1178 1631 quae
1202 1546 1399 1611 adhibentur

242 1658 416 1724 intercedit
430 1660 517 1724 inter
528 1667 739 1725 monumenta
760 1680 859 1746 supra
874 1666 1138 1740 commemorata,
1160 1666 1277 1724 utnon
1294 1661 1399 1724 solum

241 1777 345 1836 totam
372 1777 405 1835 ot
434 1772 543 1858 operis
571 1771 702 1836 locandi
730 1778 765 1836 et
792 1771 917 1856 negotii
945 1771 1082 1856 gerendi
1110 1772 1270 1837 rationem
1304 1792 1400 1856 quam

241 1884 346 1949 tribus
370 1883 529 1949 Graeciae
552 1885 634 1949 locis
656 1884 789 1948 minimo
812 1884 957 1948 finitimis
981 1884 1014 1948 in
1036 1904 1099 1948 usu
1122 1884 1223 1949 fuisse
1239 1885 1399 1967 videmus,

243 1995 301 2062 sed
325 1997 424 2061 etiam
447 1997 576 2082 singula
597 2003 774 2083 praecepta
795 1998 893 2082 plane
916 1998 1086 2062 sollemnia
1107 1997 1209 2061 fuisse
1234 2004 1401 2084 appareat.

245 2109 301 2195 qui
324 2130 504 2174 consensus
528 2129 592 2194 qua
614 2109 739 2174 ratione
763 2108 976 2194 explicandus
1000 2109 1052 2189 sit,
1076 2130 1163 2174 nuno
1185 2130 1251 2174 non
1266 2129 1400 2194 quaero,

242 2226 418 2306 propterea
451 2219 538 2305 quod
567 2241 704 2284 necesso
736 2227 787 2285 est
816 2225 926 2285 cetera
962 2241 1089 2307 quoque
1117 2228 1327 2286 monumenta
1356 2223 1401 2287 si-

243 2332 334 2397 milia
363 2353 446 2419 quae
470 2332 556 2397 diem
580 2333 740 2413 tulerunt,
772 2333 979 2420 potissimum
1007 2335 1188 2400 locationes
1218 2334 1401 2416 fundorum,

243 2445 493 2531 diligentissima
526 2446 749 2510 examinemus
774 2452 806 2510 ot
836 2467 910 2510 cum
941 2446 1008 2511 illis
1037 2468 1277 2532 comparemus,
1307 2453 1401 2512 anto·

243 2579 340 2644 quam
372 2557 597 2623 difficillimam
630 2557 720 2621 illam
750 2557 976 2643 quaestionem
1008 2557 1234 2625 diiudioemus.
1291 2560 1401 2646 itaquo

245 2671 446 2756 singularum
468 2670 680 2735 formularum
703 2690 899 2736 eonsensum
921 2669 1085 2735 indicasse
1109 2672 1187 2735 satis
1210 2671 1350 2738 habebo.

330 2782 380 2847 Ao
411 2783 551 2868 primum
586 2782 717 2868 quidem
758 2788 937 2869 praecepta
971 2803 1054 2867 quae
1089 2783 1122 2847 in
1163 2784 1267 2848 titulis
1304 2784 1401 2849 modo

246 2895 506 2960 commemoratis
542 2895 726 2981 perscripta
764 2901 840 2958 sunt
871 2895 965 2959 brevi
993 2895 1027 2959 in
1060 2901 1238 2982 conspectu
1272 2918 1401 2982 ponam.

246 3004 484 3072 observandum
506 3010 615 3070 autem
637 3011 688 3070 ost
709 3027 827 3091 magna
843 3012 989 3094 exparte
1009 3028 1048 3072 oo
1066 3009 1202 3073 oonsilio
1226 3010 1403 3074 constituta

247 3141 321 3186 esse
350 3120 432 3184 haec
466 3124 661 3205 praecepta,
696 3127 732 3183 ut
762 3118 809 3183 eis
843 3119 1030 3205 respublica
1065 3121 1402 3207 praeponderantibus

245 3233 312 3296 iam
327 3230 588 3317 redemptoribus
606 3252 640 3295 se
656 3231 886 3316 praemuniret.
921 3252 1058 3317 operum
1081 3232 1169 3296 enim
1191 3234 1358 3319 portionas
1383 3257 1403 3300 a

247 3344 384 3430 singulis
413 3342 677 3430 redemptoribus
711 3342 888 3408 'conductas
918 3341 1059 3408 Athenis
1090 3351 1238 3410 extremo
1270 3347 1402 3412 saeculo

247 3479 276 3523 a.
301 3455 377 3521 Chr.
401 3477 432 3524 n.
461 3460 575 3541 quarto
598 3455 738 3521 maiores
768 3455 870 3520 luisse
898 3477 995 3541 quam
1027 3458 1158 3522 saeculo
1188 3457 1403 3523 antecedente

246 3569 512 3656 inscriptionibus
551 3567 672 3632 Atticis
713 3568 920 3653 perlustratis
963 3589 1059 3655 supra
1098 3568 1402 3636 demonstravimus.

318 3804 338 3870 ¹)
357 3803 421 3872 post
447 3800 628 3870 Cypriorum,
651 3798 815 3869 Berginium,
838 3799 993 3869 Rangaben
1014 3800 1130 3855 Adolfus
1151 3801 1296 3856 Michaelis
1322 3802 1403 3857 inser.

248 3887 427 3957 Tegeatioam
445 3887 534 3941 edidit
550 3886 582 3940 in
599 3886 691 3940 annal.
704 3885 801 3955 philol.
821 3885 874 3940 vol.
887 3886 1029 3940 LXXXIII
1041 3886 1119 3954 (anni
1132 3887 1209 3956 1861)
1227 3907 1253 3958 p.
1267 3889 1404 3942 tae-596

249 3972 447 4029 commentario
466 3990 521 4042 qno
533 3972 653 4026 maxime
672 3971 706 4026 de
718 3972 838 4027 dialecto
850 3971 986 4027 Arcadica
998 3973 1128 4027 disseruIt
1139 3973 1313 4029 instructam.
1331 3990 1404 4028 anno

248 4059 316 4113 1868
328 4059 359 4112 P.
371 4058 491 4112 Fouoart
503 4057 619 4112 titulum
636 4058 727 4112 denuo
746 4057 914 4128 descriptum
929 4059 1018 4114 edidit
1035 4059 1070 4114 ad
1083 4059 1121 4114 Le
1133 4060 1187 4113 Bas
1199 4060 1289 4130 suppl.
1303 4061 1357 4115 vol.
1369 4061 1404 4126 11,

247 4144 300 4200 340
318 4160 340 4199 e.
376 4145 410 4198 ef.
429 4143 557 4214 explicat.
576 4162 603 4214 p.
622 4143 768 4199 roo-203.

319 4231 340 4298 ²)
361 4229 581 4294 (80188868
607 4231 795 4300 fragmentum
812 4229 912 4284 similis
934 4230 1132 4301 inscriptionis,
1156 4230 1231 4286 idem
1252 4231 1404 4298 Deliacum,

248 4316 423 4373 Cumanudes
445 4315 534 4370 edidit
550 4311 695 4384 Ἀθήναιον
712 4316 751 4370 IV
773 4335 800 4386 p.
821 4317 875 4370 454
899 4334 939 4386 sq.
980 4318 1030 4371 hos
1051 4317 1150 4372 titulos
1174 4317 1230 4371 alio
1256 4318 1316 4372 loco
1341 4318 1405 4372 dili·

248 4403 360 4474 gentins
383 4401 518 4457 tractabo.
556 4401 703 4456 brevitatis
728 4419 811 4457 causa
835 4402 1045 4473 inscriptionem
1068 4403 1256 4458 Lebadenscm
1278 4404 1349 4474 siglo
1374 4404 1404 4471 L,

249 4490 428 4562 Tegeatioam
447 4489 485 4554 T,
502 4487 644 4543 Deliacam
661 4488 794 4544 maiorem
811 4489 844 4555 D,
861 4489 996 4544 minorem
1013 4489 1037 4546 D
1055 4489 1072 4544 2
1089 4489 1200 4548 notabo.
