3310 5254
755 448 966 507 ..21-

371 633 425 698 Ex
447 634 498 698 his
529 634 672 698 numeris
699 633 880 720 perspicies
907 634 1005 698 fixam
1036 641 1254 720 statutamque
1282 656 1440 710 summam

285 745 422 811 solidam
444 747 478 810 in
501 747 638 831 singulis
662 747 821 811 columnis
844 768 864 810 a
887 747 1089 811 curatoribus
1108 753 1332 834 consumptam
1356 749 1441 812 inter

283 859 440 945 lapicidas
480 860 678 944 singularum
719 860 941 924 columnarum
974 861 1087 944 aequis
1121 861 1324 947 portionibus
1357 860 1440 924 divi-

286 992 355 1035 sam
379 993 463 1036 esse.

369 1084 539 1150 Habemus
567 1085 668 1169 igitur
700 1085 844 1149 rationes
875 1085 954 1149 satis
986 1086 1093 1149 varias
1128 1085 1246 1172 quibus
1274 1091 1440 1150 curatores

285 1218 418 1283 operum
434 1197 542 1283 pretia
565 1202 598 1261 et
621 1196 790 1262 mercedes
809 1198 946 1262 solvisse
961 1196 1122 1262 videntur.
1156 1198 1220 1262 iam
1243 1204 1279 1262 nt
1301 1198 1343 1263 de
1366 1199 1439 1262 uni-

283 1331 378 1374 versa
402 1329 537 1395 operum
558 1307 840 1373 administratione
862 1301 1019 1373 indicium
1035 1309 1208 1374 faciamus:
1233 1300 1441 1374 manifestum

286 1427 337 1485 est
377 1422 521 1506 singulas
549 1441 695 1506 quasque
719 1443 772 1486 res
802 1442 905 1508 penes
935 1427 1100 1486 curatores
1124 1422 1237 1502 fuisse,
1261 1443 1318 1486 eos
1342 1443 1441 1508 opera

283 1534 432 1599 facienda
456 1540 489 1598 ct
516 1533 679 1598 indicasse
709 1540 742 1599 et
771 1535 804 1598 in
827 1535 993 1621 portiones
1021 1556 1139 1621 parvas
1169 1534 1274 1599 divisa
1303 1535 1441 1620 singulis

284 1646 462 1711 artificibus
486 1646 693 1727 attribuisse,
729 1647 819 1732 ipsos
848 1668 914 1710 non
941 1667 1046 1733 pauca
1070 1667 1184 1733 opera,
1208 1647 1242 1711 ni
1264 1647 1360 1712 fallor
1382 1669 1442 1734 per

283 1759 509 1841 architectum,
533 1759 690 1844 operariis
708 1759 763 1844 qni
785 1756 904 1822 indies
928 1759 1073 1843 singulos
1090 1759 1276 1824 mercedem
1298 1761 1441 1847 accipie-

282 1871 362 1936 bant
390 1871 546 1936 adhibitis
579 1870 769 1956 perfecisse.
821 1877 934 1934 contra
962 1870 1187 1958 redemptores
1216 1873 1272 1957 qui
1300 1873 1441 1938 maiores

284 1985 392 2070 operis
419 1990 528 2071 partes
561 1983 727 2048 faciendas
755 1983 979 2064 conduxerint,
1008 1985 1138 2048 omnino
1162 1986 1289 2049 absunt.
1334 2005 1441 2070 neque

282 2098 480 2162 locationum
515 2097 731 2161 instrumenta
776 2098 957 2183 composita
999 2096 1102 2162 fuisse
1138 2096 1303 2179 videntur,
1342 2097 1440 2162 immo

284 2215 540 2275 consentaneum
563 2214 613 2273 est
636 2208 764 2294 singula
786 2229 934 2294 quaeque
962 2208 1123 2294 quomodo
1146 2209 1296 2273 facienda
1319 2217 1440 2294 essent,

283 2344 302 2387 a
325 2322 529 2388 curatoribus
552 2322 730 2386 artificibus
753 2327 931 2409 praecepta
954 2344 1037 2390 esse.

369 2435 460 2509 Quae
477 2456 530 2500 res
554 2456 593 2500 eo
609 2435 786 2500 notabilior
809 2441 869 2514 est,
893 2437 1045 2521 quoniam
1070 2436 1149 2501 satis
1165 2441 1330 2500 vetustum
1353 2435 1441 2522 apud

285 2547 430 2612 Graecos
452 2568 548 2611 usum
570 2546 672 2612 fuisse
704 2547 852 2611 elocandi
884 2548 1020 2633 singulis
1044 2547 1306 2634 redemptoribus
1335 2549 1441 2633 pretio

284 2659 460 2724 constituto
477 2679 542 2723 non
559 2659 664 2723 solum
681 2663 861 2723 structuras
877 2659 985 2724 minus
1001 2659 1161 2739 difficiles,
1181 2659 1323 2744 exempli
1336 2660 1442 2744 gratia

283 2771 413 2836 moenia
428 2770 639 2853 aedificanda,
664 2769 838 2836 sedetiam
855 2771 978 2858 templa
998 2771 1197 2836 exstruenda
1219 2770 1375 2836 discimus
1399 2793 1442 2836 ex

282 2883 445 2950 Herodoti
473 2885 659 2949 narratione
689 2883 730 2948 de
760 2883 883 2970 templo
905 2883 1069 2970 Apollinis
1098 2883 1253 2970 Delphici
1282 2883 1368 2969 quod
1390 2883 1440 2947 in-

284 2997 398 3063 cendio
430 2996 574 3062 deletum
603 3002 672 3061 erat
701 2995 742 3060 ab
765 2995 1011 3061 Alcmaeonidis
1042 2996 1211 3061 exsulibus
1236 2997 1367 3061 saeculo
1390 2994 1440 3059 VI

283 3132 312 3175 a.
353 3109 428 3174 Chr.
466 3130 498 3173 n.
540 3115 688 3174 extremo
727 3108 833 3174 denuo
877 3108 1091 3174 exaedificato
1124 3107 1159 3172 II
1193 3110 1268 3172 180:
1318 3100 1440 3195 Ἀμφι-

283 3216 424 3289 κτυόνων
459 3218 496 3286 δὲ
527 3214 770 3304 μισθωσάντων
805 3213 862 3286 τὸν
888 3217 921 3284 ἐν
949 3219 1111 3307 Δελφοῖσι
1148 3221 1202 3284 νῦν
1236 3214 1331 3285 ε’όντα
1365 3214 1440 3306 νηὸν

282 3329 476 3422 τριηκοσίων
497 3326 663 3398 ταλάντων
685 3326 944 3418 ἐξεργάσασθαι,
972 3331 1058 3417 quod
1081 3332 1222 3418 pretinm
1244 3333 1342 3418 paulo
1364 3338 1441 3418 post

284 3442 449 3531 μίσθωμα
472 3451 616 3524 vocatur,
640 3451 673 3508 et
687 3443 720 3507 V
739 3446 795 3508 62:
819 3439 852 3509 οὶ
870 3435 1128 3527 Ἀλκμαιωνίδαι
1151 3482 1195 3534 ῥ-
1216 3435 1294 3528 παρ’
1317 3435 1440 3530 ’Λμφι-

283 3553 423 3625 κτυόνων
449 3550 507 3624 τὸν
533 3551 608 3643 νηὸν
628 3556 829 3640 μισθοῦνται
855 3550 911 3621 τὸν
938 3553 971 3622 ἒν
993 3555 1154 3643 Δελφοῖσι
1185 3550 1242 3621 τὸν
1268 3555 1323 3620 νῦν
1344 3549 1440 3621 ἐόντα

283 3666 357 3737 τότε
379 3669 416 3736 δὲ
434 3662 536 3749 οίίκω,
558 3668 674 3733 τοῦτον
688 3665 952 3756 ἐξοικοδομῆσαι.
977 3705 994 3715 -
1010 3707 1027 3715 -
1044 3707 1061 3715 -
1082 3662 1139 3733 τόν
1158 3691 1194 3733 τε
1209 3661 1284 3754 νηὸν
1306 3659 1439 3753 ἐξεργά-

285 3805 383 3848 σαντο
405 3783 465 3848 τοῦ
479 3775 748 3867 παραδείγματος
761 3774 902 3861 κάλλιον,
925 3774 968 3845 τοί
989 3801 1024 3844 τε
1047 3772 1129 3844 ίίλλα
1150 3777 1208 3844 καί
1231 3776 1438 3865 συγκειμένου

284 3916 344 3983 σφι
371 3890 518 3980 πωρίνου
547 3889 648 3958 λίθου
674 3889 801 3958 ποιέειν
836 3886 893 3958 τὸν
919 3885 1009 3978 νηόν,
1037 3886 1167 3978 Παρίου
1193 3885 1236 3956 τὰ
1266 3885 1439 3978 ἔμπροσθε

284 4001 384 4074 αὐτοῦ
406 4002 613 4093 ἐξεποίησαν.

371 4118 437 4184 Sed
465 4119 548 4184 haec
575 4118 771 4183 subnotasse
801 4117 880 4182 satis
902 4115 1020 4180 haheo.
1063 4113 1162 4180 redeo
1190 4114 1232 4179 ad
1254 4113 1439 4181 Atticorum

283 4254 379 4297 usum
403 4231 628 4299 enarrandum.
665 4229 805 4294 Athenis
822 4249 895 4293 cnm
910 4228 1018 4292 medio
1033 4228 1103 4293 fere
1120 4227 1251 4292 saeculo
1268 4247 1297 4290 a.
1315 4226 1391 4292 Chr.
1406 4248 1438 4293 n.

285 4349 396 4434 quinto
421 4346 612 4411 Callicrates
640 4344 784 4409 medinm
811 4365 924 4408 eorum
950 4364 1116 4407 murorum
1148 4341 1264 4427 quibus
1286 4339 1438 4406 Athenae

285 4482 359 4526 cum
387 4459 470 4524 mari
497 4457 778 4544 coniungebantur
812 4455 1016 4520 exstruxisse
1043 4453 1192 4519 videatur
1219 4458 1308 4520 certo
1330 4453 1437 4538 pretio
