<?xml version="1.0" encoding="UTF-8"?>
<!DOCTYPE html PUBLIC "-//W3C//DTD XHTML 1.0 Transitional//EN"
    "http://www.w3.org/TR/xhtml1/DTD/xhtml1-transitional.dtd">
<html xmlns="http://www.w3.org/1999/xhtml" xml:lang="en" lang="en">
 <head>
  <title>
</title>
<meta http-equiv="Content-Type" content="text/html;charset=utf-8" />
  <meta name='ocr-system' content='tesseract 3.04.00' />
  <meta name='ocr-capabilities' content='ocr_page ocr_carea ocr_par ocr_line ocrx_word'/>
</head>
<body>
  <div class='ocr_page' id='page_1' title='image "./dearchitecturag00fabrgoog_0029.png"; bbox 0 0 3310 5254; ppageno 0'>
   <div class='ocr_carea' id='block_1_1' title="bbox 703 409 915 477">
    <p class='ocr_par' dir='ltr' id='par_1_1' title="bbox 703 409 915 477">
     <span class='ocr_line' id='line_1_1' title="bbox 703 409 915 477; baseline 0 -17"><span class='ocrx_word' id='word_1_1' title='bbox 703 409 915 477; x_wconf 71' lang='grc' dir='ltr'>..ις-</span> 
     </span>
    </p>
   </div>
   <div class='ocr_carea' id='block_1_2' title="bbox 229 597 1416 3037">
    <p class='ocr_par' dir='ltr' id='par_1_2' title="bbox 229 597 1416 2704">
     <span class='ocr_line' id='line_1_2' title="bbox 229 597 1415 690; baseline -0.003 -22"><span class='ocrx_word' id='word_1_2' title='bbox 229 597 350 668; x_wconf 82' lang='lat' dir='ltr'>inerint</span> <span class='ocrx_word' id='word_1_3' title='bbox 371 612 539 668; x_wconf 76' lang='lat' dir='ltr'>curatores</span> <span class='ocrx_word' id='word_1_4' title='bbox 562 601 681 689; x_wconf 91' lang='lat' dir='ltr'>quibus</span> <span class='ocrx_word' id='word_1_5' title='bbox 709 602 886 690; x_wconf 84' lang='lat' dir='ltr'>praelectis</span> <span class='ocrx_word' id='word_1_6' title='bbox 907 601 1096 668; x_wconf 87' lang='lat' dir='ltr'>Parthenon</span> <span class='ocrx_word' id='word_1_7' title='bbox 1126 598 1328 668; x_wconf 84' lang='lat' dir='ltr'>aedificatus</span> <span class='ocrx_word' id='word_1_8' title='bbox 1354 603 1415 664; x_wconf 87' lang='lat' dir='ltr'>est</span> 
     </span>
     <span class='ocr_line' id='line_1_3' title="bbox 230 715 1414 802; baseline -0.004 -20"><span class='ocrx_word' id='word_1_9' title='bbox 230 715 550 802; x_wconf 81' lang='lat' dir='ltr'>cxinscriptionibus</span> <span class='ocrx_word' id='word_1_10' title='bbox 564 735 630 779; x_wconf 92' lang='lat' dir='ltr'>non</span> <span class='ocrx_word' id='word_1_11' title='bbox 645 730 792 802; x_wconf 83' lang='lat' dir='ltr'>apparet.</span> <span class='ocrx_word' id='word_1_12' title='bbox 814 739 889 780; x_wconf 90' lang='lat' dir='ltr'>cum</span> <span class='ocrx_word' id='word_1_13' title='bbox 903 737 1004 780; x_wconf 88' lang='lat' dir='ltr'>unum</span> <span class='ocrx_word' id='word_1_14' title='bbox 1022 716 1150 782; x_wconf 87' lang='lat' dir='ltr'>scribae</span> <span class='ocrx_word' id='word_1_15' title='bbox 1166 736 1288 780; x_wconf 90' lang='lat' dir='ltr'>nomen</span> <span class='ocrx_word' id='word_1_16' title='bbox 1307 734 1414 778; x_wconf 92' lang='lat' dir='ltr'>eom-</span> 
     </span>
     <span class='ocr_line' id='line_1_4' title="bbox 230 824 1415 913; baseline -0.003 -21"><span class='ocrx_word' id='word_1_17' title='bbox 230 829 404 892; x_wconf 87' lang='lat' dir='ltr'>memorari</span> <span class='ocrx_word' id='word_1_18' title='bbox 427 829 532 892; x_wconf 92' lang='lat' dir='ltr'>soleat</span> <span class='ocrx_word' id='word_1_19' title='bbox 544 827 581 912; x_wconf 81' lang='lat'>¹).</span> <span class='ocrx_word' id='word_1_20' title='bbox 625 829 766 913; x_wconf 82' lang='lat' dir='ltr'>collegio</span> <span class='ocrx_word' id='word_1_21' title='bbox 792 829 891 891; x_wconf 90' lang='lat' dir='ltr'>trium</span> <span class='ocrx_word' id='word_1_22' title='bbox 918 835 1104 892; x_wconf 87' lang='lat' dir='ltr'>curatorum</span> <span class='ocrx_word' id='word_1_23' title='bbox 1133 829 1190 912; x_wconf 91' lang='lat' dir='ltr'>qui</span> <span class='ocrx_word' id='word_1_24' title='bbox 1217 824 1415 891; x_wconf 73' lang='lat' dir='ltr'><strong>struendae</strong></span> 
     </span>
     <span class='ocr_line' id='line_1_5' title="bbox 231 938 1414 1027; baseline -0.003 -23"><span class='ocrx_word' id='word_1_25' title='bbox 231 939 306 1004; x_wconf 90' lang='lat' dir='ltr'>aedi</span> <span class='ocrx_word' id='word_1_26' title='bbox 328 939 496 1004; x_wconf 83' lang='lat' dir='ltr'>llinerrae</span> <span class='ocrx_word' id='word_1_27' title='bbox 518 940 663 1004; x_wconf 90' lang='lat' dir='ltr'>Poliadis</span> <span class='ocrx_word' id='word_1_28' title='bbox 690 949 864 1027; x_wconf 73' lang='lat' dir='ltr'><strong>praeerant</strong></span> <span class='ocrx_word' id='word_1_29' title='bbox 890 947 1023 1027; x_wconf 87' lang='lat' dir='ltr'>praeter</span> <span class='ocrx_word' id='word_1_30' title='bbox 1044 941 1200 1020; x_wconf 87' lang='lat' dir='ltr'>scribam,</span> <span class='ocrx_word' id='word_1_31' title='bbox 1232 940 1288 1025; x_wconf 90' lang='lat' dir='ltr'>qui</span> <span class='ocrx_word' id='word_1_32' title='bbox 1314 938 1414 1002; x_wconf 90' lang='lat' dir='ltr'>nulli</span> 
     </span>
     <span class='ocr_line' id='line_1_6' title="bbox 230 1045 1416 1138; baseline -0.001 -22"><span class='ocrx_word' id='word_1_33' title='bbox 230 1051 417 1116; x_wconf 86' lang='lat' dir='ltr'>huiusmodi</span> <span class='ocrx_word' id='word_1_34' title='bbox 455 1053 595 1135; x_wconf 82' lang='lat' dir='ltr'>collegio</span> <span class='ocrx_word' id='word_1_35' title='bbox 629 1051 748 1117; x_wconf 82' lang='lat' dir='ltr'>deesse</span> <span class='ocrx_word' id='word_1_36' title='bbox 787 1053 888 1123; x_wconf 83' lang='lat' dir='ltr'>solet.</span> <span class='ocrx_word' id='word_1_37' title='bbox 926 1053 1127 1118; x_wconf 74' lang='lat' dir='ltr'>architectus</span> <span class='ocrx_word' id='word_1_38' title='bbox 1165 1045 1416 1138; x_wconf 68' lang='grc' dir='ltr'>(ἇρχιτῶιτων)</span> 
     </span>
     <span class='ocr_line' id='line_1_7' title="bbox 232 1162 1412 1250; baseline -0.003 -21"><span class='ocrx_word' id='word_1_39' title='bbox 232 1185 361 1250; x_wconf 88' lang='lat' dir='ltr'>quoque</span> <span class='ocrx_word' id='word_1_40' title='bbox 389 1163 562 1228; x_wconf 86' lang='lat' dir='ltr'>adiunctus</span> <span class='ocrx_word' id='word_1_41' title='bbox 593 1171 664 1228; x_wconf 83' lang='lat' dir='ltr'>erat</span> <span class='ocrx_word' id='word_1_42' title='bbox 672 1163 712 1248; x_wconf 86' lang='lat'>²).</span> <span class='ocrx_word' id='word_1_43' title='bbox 761 1186 781 1228; x_wconf 88' lang='lat' dir='ltr'>a</span> <span class='ocrx_word' id='word_1_44' title='bbox 812 1167 905 1230; x_wconf 83' lang='lat' dir='ltr'>cuius</span> <span class='ocrx_word' id='word_1_45' title='bbox 934 1166 1042 1230; x_wconf 86' lang='lat' dir='ltr'>officio</span> <span class='ocrx_word' id='word_1_46' title='bbox 1072 1187 1148 1230; x_wconf 90' lang='lat' dir='ltr'>cum</span> <span class='ocrx_word' id='word_1_47' title='bbox 1175 1167 1327 1230; x_wconf 83' lang='lat' dir='ltr'>rationes</span> <span class='ocrx_word' id='word_1_48' title='bbox 1363 1162 1412 1226; x_wconf 91' lang='lat' dir='ltr'>de</span> 
     </span>
     <span class='ocr_line' id='line_1_8' title="bbox 235 1274 1413 1363; baseline -0.003 -22"><span class='ocrx_word' id='word_1_49' title='bbox 235 1277 392 1363; x_wconf 82' lang='lat' dir='ltr'>impensis</span> <span class='ocrx_word' id='word_1_50' title='bbox 407 1276 502 1340; x_wconf 81' lang='lat' dir='ltr'>iactis</span> <span class='ocrx_word' id='word_1_51' title='bbox 519 1274 705 1340; x_wconf 72' lang='lat' dir='ltr'>reddendae</span> <span class='ocrx_word' id='word_1_52' title='bbox 720 1277 849 1340; x_wconf 89' lang='lat' dir='ltr'>alienae</span> <span class='ocrx_word' id='word_1_53' title='bbox 863 1276 966 1341; x_wconf 87' lang='lat' dir='ltr'>inisse</span> <span class='ocrx_word' id='word_1_54' title='bbox 981 1275 1164 1356; x_wconf 79' lang='lat' dir='ltr'>rideantur,</span> <span class='ocrx_word' id='word_1_55' title='bbox 1185 1298 1253 1341; x_wconf 93' lang='lat' dir='ltr'>non</span> <span class='ocrx_word' id='word_1_56' title='bbox 1274 1276 1413 1339; x_wconf 89' lang='lat' dir='ltr'>mirum</span> 
     </span>
     <span class='ocr_line' id='line_1_9' title="bbox 234 1387 1412 1474; baseline -0.003 -21"><span class='ocrx_word' id='word_1_57' title='bbox 234 1395 301 1468; x_wconf 84' lang='lat' dir='ltr'>est,</span> <span class='ocrx_word' id='word_1_58' title='bbox 331 1387 418 1474; x_wconf 88' lang='lat' dir='ltr'>quod</span> <span class='ocrx_word' id='word_1_59' title='bbox 443 1389 472 1451; x_wconf 91' lang='lat' dir='ltr'>is</span> <span class='ocrx_word' id='word_1_60' title='bbox 502 1389 535 1451; x_wconf 93' lang='lat' dir='ltr'>in</span> <span class='ocrx_word' id='word_1_61' title='bbox 563 1389 726 1451; x_wconf 90' lang='lat' dir='ltr'>rationum</span> <span class='ocrx_word' id='word_1_62' title='bbox 755 1388 868 1452; x_wconf 87' lang='lat' dir='ltr'>tabula</span> <span class='ocrx_word' id='word_1_63' title='bbox 894 1410 961 1452; x_wconf 91' lang='lat' dir='ltr'>una</span> <span class='ocrx_word' id='word_1_64' title='bbox 990 1410 1066 1452; x_wconf 91' lang='lat' dir='ltr'>cum</span> <span class='ocrx_word' id='word_1_65' title='bbox 1094 1389 1300 1454; x_wconf 81' lang='lat' dir='ltr'>curatoribus</span> <span class='ocrx_word' id='word_1_66' title='bbox 1331 1407 1412 1451; x_wconf 90' lang='lat' dir='ltr'>non</span> 
     </span>
     <span class='ocr_line' id='line_1_10' title="bbox 236 1498 1409 1586; baseline 0 -22"><span class='ocrx_word' id='word_1_67' title='bbox 236 1509 518 1565; x_wconf 80' lang='lat' dir='ltr'>commemoratur.</span> <span class='ocrx_word' id='word_1_68' title='bbox 564 1498 623 1563; x_wconf 89' lang='lat' dir='ltr'>sed</span> <span class='ocrx_word' id='word_1_69' title='bbox 643 1500 757 1563; x_wconf 91' lang='lat' dir='ltr'>nescio</span> <span class='ocrx_word' id='word_1_70' title='bbox 778 1521 821 1562; x_wconf 87' lang='lat' dir='ltr'>an</span> <span class='ocrx_word' id='word_1_71' title='bbox 843 1499 897 1563; x_wconf 91' lang='lat' dir='ltr'>hic</span> <span class='ocrx_word' id='word_1_72' title='bbox 919 1499 1129 1575; x_wconf 85' lang='lat' dir='ltr'>architectus,</span> <span class='ocrx_word' id='word_1_73' title='bbox 1156 1501 1213 1586; x_wconf 91' lang='lat' dir='ltr'>qui</span> <span class='ocrx_word' id='word_1_74' title='bbox 1235 1499 1278 1564; x_wconf 89' lang='lat' dir='ltr'>ad</span> <span class='ocrx_word' id='word_1_75' title='bbox 1300 1520 1409 1564; x_wconf 88' lang='lat' dir='ltr'>cura-</span> 
     </span>
     <span class='ocr_line' id='line_1_11' title="bbox 234 1609 1407 1698; baseline -0.001 -22"><span class='ocrx_word' id='word_1_76' title='bbox 234 1619 341 1676; x_wconf 92' lang='lat' dir='ltr'>torum</span> <span class='ocrx_word' id='word_1_77' title='bbox 357 1611 531 1696; x_wconf 84' lang='lat' dir='ltr'>collegium</span> <span class='ocrx_word' id='word_1_78' title='bbox 550 1611 748 1698; x_wconf 88' lang='lat' dir='ltr'>pertinuisse</span> <span class='ocrx_word' id='word_1_79' title='bbox 770 1610 909 1692; x_wconf 79' lang='lat' dir='ltr'>ridetur,</span> <span class='ocrx_word' id='word_1_80' title='bbox 931 1609 1183 1697; x_wconf 85' lang='lat' dir='ltr'>distinguendus</span> <span class='ocrx_word' id='word_1_81' title='bbox 1207 1611 1251 1676; x_wconf 91' lang='lat' dir='ltr'>sit</span> <span class='ocrx_word' id='word_1_82' title='bbox 1276 1611 1319 1676; x_wconf 91' lang='lat' dir='ltr'>ab</span> <span class='ocrx_word' id='word_1_83' title='bbox 1346 1631 1407 1688; x_wconf 90' lang='lat' dir='ltr'>eo,</span> 
     </span>
     <span class='ocr_line' id='line_1_12' title="bbox 237 1721 1409 1810; baseline -0.003 -21"><span class='ocrx_word' id='word_1_84' title='bbox 237 1723 294 1810; x_wconf 87' lang='lat' dir='ltr'>qui</span> <span class='ocrx_word' id='word_1_85' title='bbox 311 1721 498 1789; x_wconf 83' lang='lat' dir='ltr'>mercedem</span> <span class='ocrx_word' id='word_1_86' title='bbox 520 1723 553 1787; x_wconf 93' lang='lat' dir='ltr'>in</span> <span class='ocrx_word' id='word_1_87' title='bbox 569 1722 715 1808; x_wconf 78' lang='lat' dir='ltr'>singulos</span> <span class='ocrx_word' id='word_1_88' title='bbox 731 1721 802 1786; x_wconf 92' lang='lat' dir='ltr'>dies</span> <span class='ocrx_word' id='word_1_89' title='bbox 818 1721 1007 1786; x_wconf 86' lang='lat' dir='ltr'>drachmam</span> <span class='ocrx_word' id='word_1_90' title='bbox 1028 1723 1168 1809; x_wconf 76' lang='lat' dir='ltr'>accepit,</span> <span class='ocrx_word' id='word_1_91' title='bbox 1190 1722 1409 1809; x_wconf 89' lang='lat' dir='ltr'>quiquidem</span> 
     </span>
     <span class='ocr_line' id='line_1_13' title="bbox 236 1827 1409 1922; baseline -0.002 -22"><span class='ocrx_word' id='word_1_92' title='bbox 236 1857 304 1900; x_wconf 88' lang='lat' dir='ltr'>una</span> <span class='ocrx_word' id='word_1_93' title='bbox 324 1857 400 1900; x_wconf 92' lang='lat' dir='ltr'>cum</span> <span class='ocrx_word' id='word_1_94' title='bbox 414 1827 667 1919; x_wconf 67' lang='grc' dir='ltr'><strong><em>ἱπινχραμματεῖ</em></strong></span> <span class='ocrx_word' id='word_1_95' title='bbox 681 1841 953 1898; x_wconf 89' lang='lat' dir='ltr'>commemoratur</span> <span class='ocrx_word' id='word_1_96' title='bbox 961 1835 1001 1920; x_wconf 82' lang='lat'>³).</span> <span class='ocrx_word' id='word_1_97' title='bbox 1038 1835 1212 1922; x_wconf 82' lang='lat' dir='ltr'>probabile</span> <span class='ocrx_word' id='word_1_98' title='bbox 1228 1835 1320 1900; x_wconf 92' lang='lat' dir='ltr'>enim</span> <span class='ocrx_word' id='word_1_99' title='bbox 1336 1840 1409 1914; x_wconf 80' lang='lat' dir='ltr'>est,</span> 
     </span>
     <span class='ocr_line' id='line_1_14' title="bbox 236 1947 1409 2033; baseline 0 -21"><span class='ocrx_word' id='word_1_100' title='bbox 236 1949 376 2014; x_wconf 86' lang='lat' dir='ltr'>alterum</span> <span class='ocrx_word' id='word_1_101' title='bbox 403 1947 620 2012; x_wconf 88' lang='lat' dir='ltr'>architectum</span> <span class='ocrx_word' id='word_1_102' title='bbox 650 1947 746 2011; x_wconf 88' lang='lat' dir='ltr'>sicuti</span> <span class='ocrx_word' id='word_1_103' title='bbox 777 1953 944 2012; x_wconf 87' lang='lat' dir='ltr'>curatores</span> <span class='ocrx_word' id='word_1_104' title='bbox 973 1947 1092 2033; x_wconf 92' lang='lat' dir='ltr'>quibus</span> <span class='ocrx_word' id='word_1_105' title='bbox 1121 1947 1295 2012; x_wconf 87' lang='lat' dir='ltr'>adiunctus</span> <span class='ocrx_word' id='word_1_106' title='bbox 1325 1951 1409 2012; x_wconf 87' lang='lat' dir='ltr'>erat</span> 
     </span>
     <span class='ocr_line' id='line_1_15' title="bbox 236 2058 1410 2146; baseline -0.002 -22"><span class='ocrx_word' id='word_1_107' title='bbox 236 2081 257 2124; x_wconf 90' lang='lat' dir='ltr'>a</span> <span class='ocrx_word' id='word_1_108' title='bbox 270 2060 393 2146; x_wconf 93' lang='lat' dir='ltr'>populo</span> <span class='ocrx_word' id='word_1_109' title='bbox 408 2065 554 2124; x_wconf 90' lang='lat' dir='ltr'>creatum</span> <span class='ocrx_word' id='word_1_110' title='bbox 568 2058 682 2138; x_wconf 83' lang='lat' dir='ltr'>fuisse,</span> <span class='ocrx_word' id='word_1_111' title='bbox 698 2058 793 2122; x_wconf 88' lang='lat' dir='ltr'>alteri</span> <span class='ocrx_word' id='word_1_112' title='bbox 809 2079 928 2122; x_wconf 92' lang='lat' dir='ltr'>munus</span> <span class='ocrx_word' id='word_1_113' title='bbox 942 2080 965 2122; x_wconf 89' lang='lat' dir='ltr'>a</span> <span class='ocrx_word' id='word_1_114' title='bbox 976 2059 1183 2124; x_wconf 87' lang='lat' dir='ltr'>curatoribus</span> <span class='ocrx_word' id='word_1_115' title='bbox 1194 2058 1410 2124; x_wconf 88' lang='lat' dir='ltr'>mandatum.</span> 
     </span>
     <span class='ocr_line' id='line_1_16' title="bbox 237 2167 1412 2256; baseline -0.002 -20"><span class='ocrx_word' id='word_1_116' title='bbox 237 2179 406 2236; x_wconf 88' lang='lat' dir='ltr'>curatores</span> <span class='ocrx_word' id='word_1_117' title='bbox 429 2170 583 2256; x_wconf 90' lang='lat' dir='ltr'>operibus</span> <span class='ocrx_word' id='word_1_118' title='bbox 605 2190 671 2233; x_wconf 96' lang='lat' dir='ltr'>non</span> <span class='ocrx_word' id='word_1_119' title='bbox 696 2167 802 2234; x_wconf 87' lang='lat' dir='ltr'>eidem</span> <span class='ocrx_word' id='word_1_120' title='bbox 830 2177 989 2255; x_wconf 87' lang='lat' dir='ltr'>perpetuo</span> <span class='ocrx_word' id='word_1_121' title='bbox 1015 2170 1176 2256; x_wconf 84' lang='lat' dir='ltr'>praelecti</span> <span class='ocrx_word' id='word_1_122' title='bbox 1205 2177 1309 2252; x_wconf 78' lang='lat' dir='ltr'>erant,</span> <span class='ocrx_word' id='word_1_123' title='bbox 1340 2169 1412 2236; x_wconf 89' lang='lat' dir='ltr'>sed</span> 
     </span>
     <span class='ocr_line' id='line_1_17' title="bbox 237 2280 1412 2368; baseline 0 -21"><span class='ocrx_word' id='word_1_124' title='bbox 237 2283 272 2347; x_wconf 91' lang='lat' dir='ltr'>iu</span> <span class='ocrx_word' id='word_1_125' title='bbox 295 2283 441 2368; x_wconf 81' lang='lat' dir='ltr'>singulos</span> <span class='ocrx_word' id='word_1_126' title='bbox 462 2303 566 2346; x_wconf 89' lang='lat' dir='ltr'>annos</span> <span class='ocrx_word' id='word_1_127' title='bbox 585 2301 606 2344; x_wconf 90' lang='lat' dir='ltr'>a</span> <span class='ocrx_word' id='word_1_128' title='bbox 620 2280 741 2368; x_wconf 93' lang='lat' dir='ltr'>populo</span> <span class='ocrx_word' id='word_1_129' title='bbox 763 2281 864 2345; x_wconf 90' lang='lat' dir='ltr'>creati</span> <span class='ocrx_word' id='word_1_130' title='bbox 885 2281 988 2346; x_wconf 82' lang='lat' dir='ltr'>luisse</span> <span class='ocrx_word' id='word_1_131' title='bbox 1009 2281 1172 2347; x_wconf 78' lang='lat' dir='ltr'>videntur.</span> <span class='ocrx_word' id='word_1_132' title='bbox 1212 2304 1290 2348; x_wconf 88' lang='lat' dir='ltr'>nam</span> <span class='ocrx_word' id='word_1_133' title='bbox 1312 2282 1412 2368; x_wconf 89' lang='lat' dir='ltr'>quod</span> 
     </span>
     <span class='ocr_line' id='line_1_18' title="bbox 239 2393 1409 2480; baseline -0.001 -19"><span class='ocrx_word' id='word_1_134' title='bbox 239 2393 372 2461; x_wconf 88' lang='lat' dir='ltr'>eosdem</span> <span class='ocrx_word' id='word_1_135' title='bbox 395 2402 562 2460; x_wconf 90' lang='lat' dir='ltr'>curatores</span> <span class='ocrx_word' id='word_1_136' title='bbox 584 2414 644 2480; x_wconf 92' lang='lat' dir='ltr'>per</span> <span class='ocrx_word' id='word_1_137' title='bbox 669 2412 772 2457; x_wconf 89' lang='lat' dir='ltr'>annos</span> <span class='ocrx_word' id='word_1_138' title='bbox 794 2393 906 2479; x_wconf 89' lang='lat' dir='ltr'>plures</span> <span class='ocrx_word' id='word_1_139' title='bbox 933 2413 1070 2459; x_wconf 90' lang='lat' dir='ltr'>munere</span> <span class='ocrx_word' id='word_1_140' title='bbox 1092 2394 1222 2460; x_wconf 85' lang='lat' dir='ltr'>iunctos</span> <span class='ocrx_word' id='word_1_141' title='bbox 1251 2416 1326 2460; x_wconf 88' lang='lat' dir='ltr'>esse</span> <span class='ocrx_word' id='word_1_142' title='bbox 1356 2416 1409 2460; x_wconf 83' lang='lat' dir='ltr'>ex</span> 
     </span>
     <span class='ocr_line' id='line_1_19' title="bbox 238 2503 1407 2593; baseline -0.001 -20"><span class='ocrx_word' id='word_1_143' title='bbox 238 2507 342 2574; x_wconf 83' lang='lat' dir='ltr'>titulis</span> <span class='ocrx_word' id='word_1_144' title='bbox 368 2506 412 2571; x_wconf 92' lang='lat' dir='ltr'>ad</span> <span class='ocrx_word' id='word_1_145' title='bbox 437 2505 680 2572; x_wconf 91' lang='lat' dir='ltr'>Parthenonem</span> <span class='ocrx_word' id='word_1_146' title='bbox 708 2503 933 2589; x_wconf 84' lang='lat' dir='ltr'>spectantibus</span> <span class='ocrx_word' id='word_1_147' title='bbox 956 2505 1208 2591; x_wconf 79' lang='lat' dir='ltr'>intellegitur⁴)‚</span> <span class='ocrx_word' id='word_1_148' title='bbox 1237 2508 1407 2593; x_wconf 86' lang='lat' dir='ltr'>suspicari</span> 
     </span>
     <span class='ocr_line' id='line_1_20' title="bbox 238 2615 855 2704; baseline -0.005 -20"><span class='ocrx_word' id='word_1_149' title='bbox 238 2620 317 2685; x_wconf 86' lang='lat' dir='ltr'>licet</span> <span class='ocrx_word' id='word_1_150' title='bbox 338 2641 396 2684; x_wconf 92' lang='lat' dir='ltr'>eos</span> <span class='ocrx_word' id='word_1_151' title='bbox 418 2641 440 2683; x_wconf 92' lang='lat' dir='ltr'>a</span> <span class='ocrx_word' id='word_1_152' title='bbox 461 2618 582 2704; x_wconf 90' lang='lat' dir='ltr'>populo</span> <span class='ocrx_word' id='word_1_153' title='bbox 603 2615 747 2682; x_wconf 88' lang='lat' dir='ltr'>reiectos</span> <span class='ocrx_word' id='word_1_154' title='bbox 770 2635 855 2681; x_wconf 89' lang='lat' dir='ltr'>esse.</span> 
     </span>
    </p>

    <p class='ocr_par' dir='ltr' id='par_1_3' title="bbox 239 2727 1406 3037">
     <span class='ocr_line' id='line_1_21' title="bbox 325 2727 1406 2814; baseline -0.001 -18"><span class='ocrx_word' id='word_1_155' title='bbox 325 2731 501 2796; x_wconf 88' lang='lat' dir='ltr'>Curatores</span> <span class='ocrx_word' id='word_1_156' title='bbox 542 2728 713 2794; x_wconf 89' lang='lat' dir='ltr'>materiam</span> <span class='ocrx_word' id='word_1_157' title='bbox 754 2727 926 2814; x_wconf 86' lang='lat' dir='ltr'>opificibus</span> <span class='ocrx_word' id='word_1_158' title='bbox 971 2728 1201 2814; x_wconf 85' lang='lat' dir='ltr'>suppeditasse</span> <span class='ocrx_word' id='word_1_159' title='bbox 1246 2730 1406 2796; x_wconf 78' lang='lat' dir='ltr'>videntur</span> 
     </span>
     <span class='ocr_line' id='line_1_22' title="bbox 240 2838 1403 2928; baseline -0.004 -18"><span class='ocrx_word' id='word_1_160' title='bbox 240 2864 380 2910; x_wconf 90' lang='lat' dir='ltr'>omnem.</span> <span class='ocrx_word' id='word_1_161' title='bbox 424 2848 579 2906; x_wconf 75' lang='lat' dir='ltr'>vecturae</span> <span class='ocrx_word' id='word_1_162' title='bbox 602 2839 690 2905; x_wconf 90' lang='lat' dir='ltr'>enim</span> <span class='ocrx_word' id='word_1_163' title='bbox 712 2860 771 2926; x_wconf 92' lang='lat' dir='ltr'>pro</span> <span class='ocrx_word' id='word_1_164' title='bbox 794 2838 959 2925; x_wconf 86' lang='lat' dir='ltr'>lapidibus</span> <span class='ocrx_word' id='word_1_165' title='bbox 983 2859 1027 2903; x_wconf 85' lang='lat' dir='ltr'>ex</span> <span class='ocrx_word' id='word_1_166' title='bbox 1048 2839 1236 2926; x_wconf 89' lang='lat' dir='ltr'>lapicidinis</span> <span class='ocrx_word' id='word_1_167' title='bbox 1258 2842 1403 2928; x_wconf 86' lang='lat' dir='ltr'>publicis</span> 
     </span>
     <span class='ocr_line' id='line_1_23' title="bbox 239 2951 1403 3037; baseline -0.002 -15"><span class='ocrx_word' id='word_1_168' title='bbox 239 2955 419 3022; x_wconf 90' lang='lat' dir='ltr'>Pentelicis</span> <span class='ocrx_word' id='word_1_169' title='bbox 448 2951 594 3017; x_wconf 80' lang='lat' dir='ltr'>adrectis</span> <span class='ocrx_word' id='word_1_170' title='bbox 621 2951 785 3035; x_wconf 79' lang='lat' dir='ltr'>solutae⁵)</span> <span class='ocrx_word' id='word_1_171' title='bbox 808 2957 843 3015; x_wconf 93' lang='lat' dir='ltr'>et</span> <span class='ocrx_word' id='word_1_172' title='bbox 871 2951 956 3017; x_wconf 93' lang='lat' dir='ltr'>aliae</span> <span class='ocrx_word' id='word_1_173' title='bbox 978 2951 1147 3037; x_wconf 88' lang='lat' dir='ltr'>impensae</span> <span class='ocrx_word' id='word_1_174' title='bbox 1169 2953 1205 3017; x_wconf 90' lang='lat' dir='ltr'>iu</span> <span class='ocrx_word' id='word_1_175' title='bbox 1225 2955 1403 3020; x_wconf 85' lang='lat' dir='ltr'>materiam</span> 
     </span>
    </p>
   </div>
   <div class='ocr_carea' id='block_1_3' title="bbox 241 3135 1406 4248">
    <p class='ocr_par' dir='ltr' id='par_1_4' title="bbox 241 3135 1403 3294">
     <span class='ocr_line' id='line_1_24' title="bbox 313 3135 1403 3208; baseline 0.003 -15"><span class='ocrx_word' id='word_1_176' title='bbox 313 3143 333 3208; x_wconf 91' lang='lat'>¹)</span> <span class='ocrx_word' id='word_1_177' title='bbox 350 3136 682 3203; x_wconf 61' lang='lat' dir='ltr'>ffich.3‚e5=clal.</span> <span class='ocrx_word' id='word_1_178' title='bbox 694 3135 845 3199; x_wconf 62' lang='lat' dir='ltr'>too-31&amp;</span> <span class='ocrx_word' id='word_1_179' title='bbox 862 3135 909 3193; x_wconf 84' lang='lat' dir='ltr'>IV.</span> <span class='ocrx_word' id='word_1_180' title='bbox 922 3138 946 3191; x_wconf 93' lang='lat' dir='ltr'>l.</span> <span class='ocrx_word' id='word_1_181' title='bbox 959 3137 1077 3207; x_wconf 53' lang='lat' dir='ltr'>mgb,</span> <span class='ocrx_word' id='word_1_182' title='bbox 1094 3139 1228 3194; x_wconf 82' lang='lat' dir='ltr'>mitthd</span> <span class='ocrx_word' id='word_1_183' title='bbox 1241 3141 1316 3194; x_wconf 83' lang='lat' dir='ltr'>arch</span> <span class='ocrx_word' id='word_1_184' title='bbox 1332 3141 1403 3196; x_wconf 82' lang='lat' dir='ltr'>Inst</span> 
     </span>
     <span class='ocr_line' id='line_1_25' title="bbox 241 3222 624 3294; baseline -0.021 -10"><span class='ocrx_word' id='word_1_185' title='bbox 241 3229 273 3284; x_wconf 89' lang='lat' dir='ltr'>in</span> <span class='ocrx_word' id='word_1_186' title='bbox 289 3227 384 3282; x_wconf 80' lang='lat' dir='ltr'>Athen</span> <span class='ocrx_word' id='word_1_187' title='bbox 400 3225 440 3279; x_wconf 85' lang='lat' dir='ltr'>IV</span> <span class='ocrx_word' id='word_1_188' title='bbox 456 3243 484 3294; x_wconf 91' lang='lat' dir='ltr'>p.</span> <span class='ocrx_word' id='word_1_189' title='bbox 502 3223 520 3278; x_wconf 83' lang='lat' dir='ltr'>a</span> <span class='ocrx_word' id='word_1_190' title='bbox 537 3225 567 3277; x_wconf 86' lang='lat' dir='ltr'>ct</span> <span class='ocrx_word' id='word_1_191' title='bbox 582 3222 624 3276; x_wconf 68' lang='lat' dir='ltr'>bt</span> 
     </span>
    </p>

    <p class='ocr_par' dir='ltr' id='par_1_5' title="bbox 313 3313 526 3383">
     <span class='ocr_line' id='line_1_26' title="bbox 313 3313 526 3383; baseline -0.014 -16"><span class='ocrx_word' id='word_1_192' title='bbox 313 3315 335 3383; x_wconf 79' lang='lat'>²)</span> <span class='ocrx_word' id='word_1_193' title='bbox 352 3313 398 3366; x_wconf 82' lang='lat' dir='ltr'>tit.</span> <span class='ocrx_word' id='word_1_194' title='bbox 418 3313 451 3365; x_wconf 81' lang='lat'>19</span> <span class='ocrx_word' id='word_1_195' title='bbox 468 3315 485 3375; x_wconf 64' lang='grc' dir='ltr'><em>ἃ</em></span> <span class='ocrx_word' id='word_1_196' title='bbox 502 3313 526 3364; x_wconf 92' lang='lat' dir='ltr'>l.</span> 
     </span>
    </p>

    <p class='ocr_par' dir='ltr' id='par_1_6' title="bbox 241 3391 1406 4248">
     <span class='ocr_line' id='line_1_27' title="bbox 312 3391 1402 3469; baseline -0.001 -16"><span class='ocrx_word' id='word_1_197' title='bbox 312 3397 387 3469; x_wconf 75' lang='lat' dir='ltr'>’let</span> <span class='ocrx_word' id='word_1_198' title='bbox 404 3397 451 3451; x_wconf 83' lang='lat' dir='ltr'>tit</span> <span class='ocrx_word' id='word_1_199' title='bbox 468 3396 505 3450; x_wconf 75' lang='lat'>20</span> <span class='ocrx_word' id='word_1_200' title='bbox 525 3411 543 3448; x_wconf 92' lang='lat' dir='ltr'>a</span> <span class='ocrx_word' id='word_1_201' title='bbox 559 3394 573 3448; x_wconf 96' lang='grc' dir='ltr'>Ι</span> <span class='ocrx_word' id='word_1_202' title='bbox 589 3411 617 3447; x_wconf 83' lang='lat' dir='ltr'>v.</span> <span class='ocrx_word' id='word_1_203' title='bbox 634 3393 750 3456; x_wconf 80' lang='lat'>56-5&#39;1,</span> <span class='ocrx_word' id='word_1_204' title='bbox 773 3391 833 3446; x_wconf 89' lang='lat' dir='ltr'>eII</span> <span class='ocrx_word' id='word_1_205' title='bbox 854 3408 881 3447; x_wconf 84' lang='lat' dir='ltr'>v.</span> <span class='ocrx_word' id='word_1_206' title='bbox 898 3391 1002 3446; x_wconf 81' lang='lat'>8-10.</span> <span class='ocrx_word' id='word_1_207' title='bbox 1043 3395 1202 3449; x_wconf 85' lang='lat' dir='ltr'>curatorum</span> <span class='ocrx_word' id='word_1_208' title='bbox 1227 3396 1258 3450; x_wconf 93' lang='lat' dir='ltr'>in</span> <span class='ocrx_word' id='word_1_209' title='bbox 1282 3397 1402 3467; x_wconf 84' lang='lat' dir='ltr'>collegio</span> 
     </span>
     <span class='ocr_line' id='line_1_28' title="bbox 243 3475 1403 3555; baseline -0.007 -12"><span class='ocrx_word' id='word_1_210' title='bbox 243 3489 322 3543; x_wconf 75' lang='lat' dir='ltr'>sunt:</span> <span class='ocrx_word' id='word_1_211' title='bbox 352 3481 521 3555; x_wconf 65' lang='grc' dir='ltr'>ἀρχιτέκτων</span> <span class='ocrx_word' id='word_1_212' title='bbox 548 3481 677 3548; x_wconf 72' lang='grc' dir='ltr'>Φιλοκλῆς</span> <span class='ocrx_word' id='word_1_213' title='bbox 698 3475 842 3549; x_wconf 69' lang='grc' dir='ltr'>Ἀχαρνεύς</span> <span class='ocrx_word' id='word_1_214' title='bbox 867 3481 896 3531; x_wconf 80' lang='lat' dir='ltr'>et</span> <span class='ocrx_word' id='word_1_215' title='bbox 916 3479 1095 3548; x_wconf 72' lang='grc' dir='ltr'>γραμματειὶς</span> <span class='ocrx_word' id='word_1_216' title='bbox 1108 3477 1251 3552; x_wconf 78' lang='grc' dir='ltr'>Ἐτέαρχος</span> <span class='ocrx_word' id='word_1_217' title='bbox 1275 3484 1403 3552; x_wconf 70' lang='grc' dir='ltr'><strong><em>Κυδαθη-</em></strong></span> 
     </span>
     <span class='ocr_line' id='line_1_29' title="bbox 243 3557 1403 3642; baseline -0.003 -14"><span class='ocrx_word' id='word_1_218' title='bbox 243 3573 336 3633; x_wconf 61' lang='lat' dir='ltr'>me&#39;f</span> <span class='ocrx_word' id='word_1_219' title='bbox 352 3571 397 3641; x_wconf 75' lang='lat' dir='ltr'>(ct.</span> <span class='ocrx_word' id='word_1_220' title='bbox 414 3586 533 3642; x_wconf 72' lang='lat' dir='ltr'>praescr.</span> <span class='ocrx_word' id='word_1_221' title='bbox 550 3567 632 3621; x_wconf 66' lang='lat' dir='ltr'>inm.</span> <span class='ocrx_word' id='word_1_222' title='bbox 650 3567 683 3620; x_wconf 89' lang='lat'>11</span> <span class='ocrx_word' id='word_1_223' title='bbox 701 3580 774 3633; x_wconf 74' lang='lat' dir='ltr'>quse</span> <span class='ocrx_word' id='word_1_224' title='bbox 795 3563 833 3617; x_wconf 76' lang='lat' dir='ltr'>ao</span> <span class='ocrx_word' id='word_1_225' title='bbox 849 3581 914 3617; x_wconf 73' lang='lat' dir='ltr'>anu</span> <span class='ocrx_word' id='word_1_226' title='bbox 931 3564 1009 3632; x_wconf 69' lang='lat' dir='ltr'>sose</span> <span class='ocrx_word' id='word_1_227' title='bbox 1026 3565 1168 3634; x_wconf 51' lang='lat' dir='ltr'>affines).</span> <span class='ocrx_word' id='word_1_228' title='bbox 1196 3567 1228 3621; x_wconf 77' lang='lat' dir='ltr'>in</span> <span class='ocrx_word' id='word_1_229' title='bbox 1244 3557 1403 3624; x_wconf 76' lang='lat' dir='ltr'>rationibus</span> 
     </span>
     <span class='ocr_line' id='line_1_30' title="bbox 242 3649 1405 3728; baseline -0.014 -11"><span class='ocrx_word' id='word_1_230' title='bbox 242 3662 274 3717; x_wconf 91' lang='lat' dir='ltr'>ui</span> <span class='ocrx_word' id='word_1_231' title='bbox 290 3661 373 3716; x_wconf 82' lang='lat' dir='ltr'>fanr</span> <span class='ocrx_word' id='word_1_232' title='bbox 389 3657 475 3728; x_wconf 84' lang='lat' dir='ltr'>paulo</span> <span class='ocrx_word' id='word_1_233' title='bbox 492 3652 692 3710; x_wconf 86' lang='lat' dir='ltr'>recentioribus</span> <span class='ocrx_word' id='word_1_234' title='bbox 709 3650 766 3720; x_wconf 78' lang='lat' dir='ltr'>(tit</span> <span class='ocrx_word' id='word_1_235' title='bbox 777 3650 823 3718; x_wconf 76' lang='lat'>20)</span> <span class='ocrx_word' id='word_1_236' title='bbox 840 3650 884 3704; x_wconf 89' lang='lat' dir='ltr'>bis</span> <span class='ocrx_word' id='word_1_237' title='bbox 901 3654 1099 3704; x_wconf 85' lang='lat' dir='ltr'>enumerantur</span> <span class='ocrx_word' id='word_1_238' title='bbox 1114 3651 1213 3722; x_wconf 69' lang='lat' dir='ltr'>procot</span> <span class='ocrx_word' id='word_1_239' title='bbox 1231 3649 1405 3726; x_wconf 67' lang='grc' dir='ltr'>ἀρχηέηοη</span> 
     </span>
     <span class='ocr_line' id='line_1_31' title="bbox 241 3736 1405 3821; baseline -0.001 -26"><span class='ocrx_word' id='word_1_240' title='bbox 241 3745 391 3821; x_wconf 66' lang='grc' dir='ltr'>Ἀρχιλόχῳ</span> <span class='ocrx_word' id='word_1_241' title='bbox 399 3743 571 3816; x_wconf 70' lang='grc' dir='ltr'>Ἀγρυλῆθεν,</span> <span class='ocrx_word' id='word_1_242' title='bbox 583 3737 799 3812; x_wconf 77' lang='grc' dir='ltr'>ὖπογραμματεῖ</span> <span class='ocrx_word' id='word_1_243' title='bbox 804 3736 949 3806; x_wconf 78' lang='lat' dir='ltr'>llopys&#39;csrs.</span> <span class='ocrx_word' id='word_1_244' title='bbox 967 3754 1034 3792; x_wconf 80' lang='lat' dir='ltr'>eave</span> <span class='ocrx_word' id='word_1_245' title='bbox 1042 3737 1133 3807; x_wconf 76' lang='lat' dir='ltr'>igitur</span> <span class='ocrx_word' id='word_1_246' title='bbox 1143 3755 1180 3793; x_wconf 83' lang='lat' dir='ltr'>ne</span> <span class='ocrx_word' id='word_1_247' title='bbox 1190 3739 1298 3810; x_wconf 77' lang='lat' dir='ltr'>cogites</span> <span class='ocrx_word' id='word_1_248' title='bbox 1306 3741 1405 3796; x_wconf 77' lang='lat' dir='ltr'>Archi·</span> 
     </span>
     <span class='ocr_line' id='line_1_32' title="bbox 246 3823 1404 3896; baseline -0.009 -5"><span class='ocrx_word' id='word_1_249' title='bbox 246 3836 357 3891; x_wconf 91' lang='lat' dir='ltr'>lochum</span> <span class='ocrx_word' id='word_1_250' title='bbox 367 3847 551 3887; x_wconf 87' lang='lat' dir='ltr'>successorem</span> <span class='ocrx_word' id='word_1_251' title='bbox 562 3828 647 3882; x_wconf 81' lang='lat' dir='ltr'>fuisse</span> <span class='ocrx_word' id='word_1_252' title='bbox 656 3823 797 3880; x_wconf 82' lang='lat' dir='ltr'>Philoclis</span> <span class='ocrx_word' id='word_1_253' title='bbox 808 3853 841 3863; x_wconf 93' lang='lat'><strong>—</strong></span> <span class='ocrx_word' id='word_1_254' title='bbox 853 3824 969 3878; x_wconf 79' lang='lat' dir='ltr'>fortasse</span> <span class='ocrx_word' id='word_1_255' title='bbox 979 3823 1076 3878; x_wconf 86' lang='lat' dir='ltr'>eadem</span> <span class='ocrx_word' id='word_1_256' title='bbox 1084 3825 1194 3879; x_wconf 82' lang='lat' dir='ltr'>ratione</span> <span class='ocrx_word' id='word_1_257' title='bbox 1206 3827 1404 3896; x_wconf 83' lang='lat' dir='ltr'>explicandum</span> 
     </span>
     <span class='ocr_line' id='line_1_33' title="bbox 245 3909 1405 3987; baseline -0.01 -8"><span class='ocrx_word' id='word_1_258' title='bbox 245 3925 288 3978; x_wconf 85' lang='lat' dir='ltr'>est</span> <span class='ocrx_word' id='word_1_259' title='bbox 299 3919 448 3976; x_wconf 73' lang='lat' dir='ltr'>discrimffl</span> <span class='ocrx_word' id='word_1_260' title='bbox 465 3915 542 3987; x_wconf 90' lang='lat' dir='ltr'>quod</span> <span class='ocrx_word' id='word_1_261' title='bbox 557 3913 749 3968; x_wconf 83' lang='lat' dir='ltr'>intercedebat</span> <span class='ocrx_word' id='word_1_262' title='bbox 764 3910 839 3964; x_wconf 83' lang='lat' dir='ltr'>inter</span> <span class='ocrx_word' id='word_1_263' title='bbox 849 3909 971 3964; x_wconf 86' lang='lat' dir='ltr'>Ictinum</span> <span class='ocrx_word' id='word_1_264' title='bbox 989 3912 1018 3963; x_wconf 90' lang='lat' dir='ltr'>et</span> <span class='ocrx_word' id='word_1_265' title='bbox 1029 3910 1206 3965; x_wconf 68' lang='lat' dir='ltr'>(tullios-atem</span> <span class='ocrx_word' id='word_1_266' title='bbox 1218 3913 1405 3968; x_wconf 87' lang='lat' dir='ltr'>Parthenonis</span> 
     </span>
     <span class='ocr_line' id='line_1_34' title="bbox 245 3995 1405 4073; baseline -0.006 -14"><span class='ocrx_word' id='word_1_267' title='bbox 245 4008 412 4064; x_wconf 76' lang='lat' dir='ltr'>architectos</span> <span class='ocrx_word' id='word_1_268' title='bbox 436 4004 481 4073; x_wconf 88' lang='lat' dir='ltr'>(cf.</span> <span class='ocrx_word' id='word_1_269' title='bbox 504 4000 663 4063; x_wconf 78' lang='lat' dir='ltr'>Michaelis,</span> <span class='ocrx_word' id='word_1_270' title='bbox 691 3997 852 4053; x_wconf 83' lang='lat' dir='ltr'>Parthenon</span> <span class='ocrx_word' id='word_1_271' title='bbox 874 4014 903 4067; x_wconf 91' lang='lat' dir='ltr'>p.</span> <span class='ocrx_word' id='word_1_272' title='bbox 922 3998 975 4058; x_wconf 81' lang='lat'>11).</span> <span class='ocrx_word' id='word_1_273' title='bbox 1014 3995 1176 4050; x_wconf 83' lang='lat' dir='ltr'>Callicrates</span> <span class='ocrx_word' id='word_1_274' title='bbox 1198 3997 1323 4052; x_wconf 89' lang='lat' dir='ltr'>medium</span> <span class='ocrx_word' id='word_1_275' title='bbox 1344 4000 1405 4054; x_wconf 92' lang='lat' dir='ltr'>lon-</span> 
     </span>
     <span class='ocr_line' id='line_1_35' title="bbox 244 4080 1405 4167; baseline -0.007 -20"><span class='ocrx_word' id='word_1_276' title='bbox 244 4113 346 4167; x_wconf 78' lang='lat' dir='ltr'>gorum</span> <span class='ocrx_word' id='word_1_277' title='bbox 370 4107 513 4146; x_wconf 88' lang='lat' dir='ltr'>murorum</span> <span class='ocrx_word' id='word_1_278' title='bbox 535 4085 699 4141; x_wconf 68' lang='lat' dir='ltr'>mendum</span> <span class='ocrx_word' id='word_1_279' title='bbox 725 4081 880 4136; x_wconf 86' lang='lat' dir='ltr'>redemerat</span> <span class='ocrx_word' id='word_1_280' title='bbox 903 4081 987 4147; x_wconf 85' lang='lat' dir='ltr'>(Plut</span> <span class='ocrx_word' id='word_1_281' title='bbox 1011 4080 1130 4135; x_wconf 87' lang='lat' dir='ltr'>Pericles</span> <span class='ocrx_word' id='word_1_282' title='bbox 1153 4099 1176 4136; x_wconf 77' lang='lat' dir='ltr'>c.</span> <span class='ocrx_word' id='word_1_283' title='bbox 1194 4082 1262 4136; x_wconf 84' lang='lat' dir='ltr'>XIII</span> <span class='ocrx_word' id='word_1_284' title='bbox 1285 4103 1314 4154; x_wconf 93' lang='lat' dir='ltr'>p.</span> <span class='ocrx_word' id='word_1_285' title='bbox 1333 4086 1405 4152; x_wconf 86' lang='grc'>160).</span> 
     </span>
     <span class='ocr_line' id='line_1_36' title="bbox 246 4166 1406 4248; baseline -0.006 -16"><span class='ocrx_word' id='word_1_286' title='bbox 246 4185 370 4238; x_wconf 82' lang='lat' dir='ltr'>ceterum</span> <span class='ocrx_word' id='word_1_287' title='bbox 386 4174 596 4248; x_wconf 72' lang='grc' dir='ltr'>ὁπαρχιτὲκτων</span> <span class='ocrx_word' id='word_1_288' title='bbox 607 4173 719 4240; x_wconf 86' lang='lat' dir='ltr'>praeter</span> <span class='ocrx_word' id='word_1_289' title='bbox 730 4166 915 4222; x_wconf 81' lang='lat' dir='ltr'>architectum</span> <span class='ocrx_word' id='word_1_290' title='bbox 931 4169 1162 4220; x_wconf 86' lang='lat' dir='ltr'>commemoratur</span> <span class='ocrx_word' id='word_1_291' title='bbox 1178 4167 1209 4220; x_wconf 93' lang='lat' dir='ltr'>in</span> <span class='ocrx_word' id='word_1_292' title='bbox 1221 4167 1406 4239; x_wconf 87' lang='lat' dir='ltr'>inscriptione</span> 
     </span>
    </p>
   </div>
   <div class='ocr_carea' id='block_1_4' title="bbox 246 4256 1303 4523">
    <p class='ocr_par' dir='ltr' id='par_1_7' title="bbox 246 4256 1303 4523">
     <span class='ocr_line' id='line_1_37' title="bbox 246 4256 733 4325; baseline -0.041 1"><span class='ocrx_word' id='word_1_293' title='bbox 246 4263 402 4325; x_wconf 83' lang='lat' dir='ltr'>Lebadensi</span> <span class='ocrx_word' id='word_1_294' title='bbox 418 4280 446 4316; x_wconf 82' lang='lat' dir='ltr'>v.</span> <span class='ocrx_word' id='word_1_295' title='bbox 464 4256 601 4314; x_wconf 77' lang='lat' dir='ltr'>loo-61.</span> <span class='ocrx_word' id='word_1_296' title='bbox 730 4285 733 4290; x_wconf 94' lang='lat'>-</span> 
     </span>
     <span class='ocr_line' id='line_1_38' title="bbox 316 4343 1145 4434; baseline 0 -35"><span class='ocrx_word' id='word_1_297' title='bbox 316 4365 339 4434; x_wconf 62' lang='lat'>⁴)</span> <span class='ocrx_word' id='word_1_298' title='bbox 358 4361 392 4416; x_wconf 65' lang='lat' dir='ltr'>ss</span> <span class='ocrx_word' id='word_1_299' title='bbox 410 4351 561 4417; x_wconf 61' lang='lat' dir='ltr'>stenholt</span> <span class='ocrx_word' id='word_1_300' title='bbox 580 4349 648 4406; x_wconf 75' lang='lat' dir='ltr'>cll.</span> <span class='ocrx_word' id='word_1_301' title='bbox 666 4349 680 4402; x_wconf 90' lang='lat'>1</span> <span class='ocrx_word' id='word_1_302' title='bbox 696 4366 725 4418; x_wconf 80' lang='lat' dir='ltr'>p.</span> <span class='ocrx_word' id='word_1_303' title='bbox 744 4347 796 4401; x_wconf 83' lang='lat'>160</span> <span class='ocrx_word' id='word_1_304' title='bbox 812 4345 849 4398; x_wconf 71' lang='lat' dir='ltr'>aa</span> <span class='ocrx_word' id='word_1_305' title='bbox 866 4343 911 4399; x_wconf 77' lang='lat' dir='ltr'>cir.</span> <span class='ocrx_word' id='word_1_306' title='bbox 928 4343 989 4409; x_wconf 79' lang='lat' dir='ltr'>ool,</span> <span class='ocrx_word' id='word_1_307' title='bbox 1006 4343 1066 4408; x_wconf 84' lang='lat' dir='ltr'>sos,</span> <span class='ocrx_word' id='word_1_308' title='bbox 1085 4344 1145 4399; x_wconf 82' lang='lat' dir='ltr'>ooo.</span> 
     </span>
     <span class='ocr_line' id='line_1_39' title="bbox 318 4429 1303 4523; baseline -0.019 -20"><span class='ocrx_word' id='word_1_309' title='bbox 318 4429 1303 4523; x_wconf 74' lang='lat' dir='ltr'>⁸)ctKohler,mitth.darch.InatIV.p.3t;llicbaolistit4.</span> 
     </span>
    </p>
   </div>
   <div class='ocr_carea' id='block_1_5' title="bbox 0 0 1682 5254">
    <p class='ocr_par' dir='ltr' id='par_1_8' title="bbox 0 0 1682 5254">
     <span class='ocr_line' id='line_1_40' title="bbox 0 0 1682 5254; baseline 0 0"><span class='ocrx_word' id='word_1_310' title='bbox 0 0 1682 5254; x_wconf 95' lang='lat' dir='ltr'> </span> 
     </span>
    </p>
   </div>
  </div>
 </body>
</html>
