3310 5254
705 479 920 540 ...83-

236 672 347 729 autem
369 660 499 730 παστόν
521 664 642 729 dicitur
657 665 744 750 quod
766 667 875 750 aliqua
897 687 932 730 re
956 671 1079 730 tectum
1097 664 1165 728 sive
1183 685 1395 752 conspersum

236 783 298 858 est,
322 777 370 840 ita
391 768 607 841 *ὓποπαστόν
635 777 670 840 ni
699 777 797 840 fallor
819 776 883 840 dici
909 782 1019 862 potest
1041 775 1074 838 id
1098 775 1149 839 cui
1171 774 1294 859 aliquid
1318 774 1394 839 sub-

234 893 372 951 stratum
395 893 459 959 cst;
484 909 561 972 ergo
585 879 836 953 *ἆνυπόπαστοι
855 883 950 952 λίθοι
974 887 1006 952 ei
1028 893 1104 950 sunt
1126 886 1251 972 lapides
1275 886 1393 970 quibus

232 999 314 1063 nihil
331 998 532 1063 substratum
548 1005 610 1063 est.
633 999 906 1087 καταστρωτῆρας
921 1005 1032 1063 autem
1047 1005 1084 1061 ut
1097 997 1393 1062 substructionibus

234 1108 339 1173 solide
362 1110 487 1195 imponi
513 1116 665 1195 possent,
696 1101 953 1188 ἂνυποπάστους
976 1131 1050 1175 esse
1074 1108 1229 1174 debuisse
1252 1109 1395 1173 libenter

234 1220 407 1285 concedes.
444 1227 548 1286 restat
571 1214 835 1306 ὁμοτριβοῑνιας.
861 1201 1082 1306 *ὁμοτριβοῦν
1104 1221 1183 1285 nihil
1208 1220 1393 1285 aliudesse

234 1337 343 1417 potest
370 1331 435 1396 nisi
473 1332 559 1417 quod
588 1331 671 1414 ὁμοῦ
699 1334 768 1398 sive
796 1332 885 1415 ὁμῶς
905 1329 1020 1417 τρίβει.
1072 1331 1112 1396 ab
1146 1332 1315 1418 opificibus
1351 1353 1394 1396 ex

232 1444 341 1508 fabrili
358 1443 498 1528 quodam
513 1465 576 1508 usu
590 1444 717 1530 lapides
733 1443 989 1529 sperassemus
1003 1449 1072 1507 tum
1088 1443 1193 1507 dictos
1210 1464 1284 1508 esse
1303 1449 1392 1528 puto,

233 1576 305 1619 cum
335 1576 449 1619 eorum
478 1555 621 1640 politura
653 1555 806 1634 absoluta
841 1561 939 1620 esset.
996 1575 1074 1640 ergo
1102 1561 1139 1618 ut
1171 1554 1314 1640 lapicida
1346 1555 1394 1641 τῷ

232 1665 436 1751 μιλτολογεῖν
450 1666 578 1752 lapides
594 1662 796 1749 συμμίλτους
816 1666 933 1749 reddit,
957 1667 1003 1731 ita
1020 1666 1121 1732 efficit
1142 1669 1190 1753 τῷ
1209 1688 1393 1752 τριμματο·

233 1777 340 1863 λογεῖν
361 1785 398 1842 ut
420 1771 669 1864 ὁμοτριβοῦντες
692 1781 766 1845 sint.

317 1889 408 1955 Fieri
430 1897 540 1956 autem
562 1892 679 1976 potuit,
701 1897 739 1954 ut
761 1890 901 1977 lapicida
923 1892 958 1954 in
979 1891 1132 1976 poliendo
1148 1890 1267 1977 lapidis
1289 1891 1390 1976 parti-

233 2001 314 2065 culis
347 2001 416 2066 sive
448 2002 546 2086 paulo
574 2001 835 2086 prominentibus
867 2003 935 2068 sive
964 2001 1150 2067 durioribus
1180 2002 1393 2088 impediretur

233 2118 265 2176 et
288 2133 344 2176 eas
357 2113 486 2198 scalpro
497 2113 686 2198 praecidere
704 2120 883 2198 cogeretur.
909 2115 1005 2178 aliter
1020 2113 1107 2178 enim
1124 2114 1282 2200 explicari
1294 2135 1391 2199 posse

231 2245 295 2289 non
323 2223 477 2289 videntur
505 2224 606 2288 verba
637 2245 721 2310 quae
749 2231 930 2310 sequuntur
954 2246 985 2289 v.
1012 2227 1071 2289 164
1101 2246 1184 2310 sqq.:
1212 2219 1392 2310 διακρούων

230 2330 271 2399 τὰ
303 2333 336 2422 dl
349 2385 444 2400 .....
447 2333 510 2422 ]Ινα
540 2335 605 2399 τῶν
631 2329 836 2421 τριμμάτιον,
869 2330 912 2400 τὰ
941 2333 1001 2419 μὲν
1033 2332 1081 2414 εἷς
1111 2332 1188 2414 τοὺς
1216 2331 1393 2422 κρατευτὰς

231 2439 300 2512 tao
323 2444 448 2534 §oldlog
458 2444 636 2534 xalpcaarp‘g
657 2441 722 2512 κτέ.
756 2468 830 2510 nam
846 2447 887 2510 ad
903 2447 1029 2533 lapides
1042 2448 1213 2534 poliendos
1229 2448 1390 2533 lapicidae

230 2579 294 2622 non
322 2558 530 2622 ferramentis
554 2556 612 2622 sed
634 2557 782 2621 frustulis
804 2557 943 2643 lapideis
967 2559 1035 2623 sive
1058 2558 1187 2644 pumice
1212 2559 1280 2623 sive
1301 2559 1390 2644 ligno

231 2676 264 2734 ct
285 2671 420 2756 pulvere
445 2667 655 2753 (Schmirgel)
677 2669 725 2733 uti
749 2671 866 2733 solent.
901 2672 1235 2755 arcitenensque
1257 2673 1390 2756 supple-

229 2789 375 2846 mentum
407 2780 493 2866 quod
527 2779 735 2845 Cumanudes
769 2780 920 2845 dubitans
955 2782 1126 2866 proposuit
1154 2776 1196 2846 τὰ
1228 2777 1389 2869 δ[ιάκε]να

232 2914 294 2978 quo
319 2899 447 2978 spectet
468 2892 642 2976 intellego,
670 2913 775 2976 neque
806 2892 877 2977 ipse
908 2893 1130 2957 coniecturam
1158 2892 1268 2957 facere
1292 2916 1389 2958 ausus

231 3027 312 3070 sum.
365 3004 491 3068 basium
527 3005 691 3088 margines
723 3004 779 3087 qui
809 3004 965 3069 crateutis
997 3003 1066 3090 (aa)
1096 3005 1286 3090 imponendi
1315 3013 1390 3070 sunt

231 3116 402 3182 subtiliore
418 3116 635 3180 instrumento
652 3121 691 3178 ut
712 3135 772 3200 par
790 3121 841 3179 est
856 3120 1045 3196 tractantur,
1069 3116 1178 3181 media
1194 3138 1275 3202 quae
1292 3139 1390 3204 supra

230 3228 330 3293 rudus
353 3228 424 3310 (bb)
447 3227 603 3291 iacebunt
629 3227 757 3312 scalpro
781 3225 922 3293 duriore.
961 3249 992 3291 v.
1019 3231 1093 3292 166:
1117 3221 1184 3294 ὑπὸ
1206 3224 1265 3318 τὴν
1287 3222 1390 3294 ὑπευ-

229 3335 446 3426 sadrappae
460 3359 519 3424 pro
535 3335 594 3402 ἐπὶ
611 3333 670 3426 τὴν
692 3339 811 3402 falsum
828 3346 888 3406 est.
927 3341 983 3425 qui
999 3362 1089 3405 error
1103 3348 1211 3405 utrum
1227 3342 1389 3427 lapicidae

229 3449 422 3515 tribuendus
446 3451 552 3513 sitan
576 3449 755 3514 editoribus
778 3470 843 3512 non
867 3449 1052 3515 diiudicem.

314 3562 366 3626 De
402 3569 550 3626 extremo
583 3582 611 3625 v.
649 3564 709 3624 167
744 3583 842 3646 supra
878 3562 1124 3647 disputavimus.
1179 3561 1388 3629 Cumanudes

229 3675 412 3760 proposuit:
446 3671 482 3752 ἐξ
503 3669 615 3738 ἐλαίου
637 3669 709 3759 κ[αἱ
731 3667 788 3737 διὰ
810 3669 1001 3760 sapasim),
1026 3673 1112 3758 quod
1134 3695 1199 3738 non
1221 3675 1388 3760 intellego.

229 3786 267 3849 cf.
303 3785 471 3850 Timaeum
510 3785 544 3847 in
581 3785 647 3850 lex.
681 3784 766 3850 Plat.
801 3807 832 3871 p.
868 3787 944 3848 267:
986 3779 1118 3869 χρώζειν
1151 3780 1207 3850 διὰ
1238 3781 1387 3871 ῥαβδίον,

229 3895 314 3981 qubd
348 3896 526 3982 explicavit
556 3895 776 3960 Schneiderus
806 3895 848 3959 ad
872 3896 1030 3960 Varronis
1068 3897 1109 3961 de
1141 3919 1176 3961 re
1206 3904 1287 3964 rust.
1313 3899 1386 3964 libr.

229 4028 260 4092 p.
278 4011 354 4082 587;
379 4009 418 4072 cf.
441 4007 586 4089 Donner,
609 4007 696 4093 apud
718 4007 842 4092 Helbig
863 4007 1060 4092 Wandgcm.
1083 4031 1114 4094 p.
1137 4008 1233 4072 XIII.

239 4154 241 4159 ·
313 4119 354 4183 V.
374 4121 435 4181 172
459 4119 544 4182 inter
565 4118 678 4182 πᾶσαν
708 4125 741 4181 et
762 4121 834 4196 τοῖς
854 4121 1028 4196 ναοποιοῖς
1043 4120 1216 4184 manifesto
1238 4127 1386 4206 praeter-

227 4231 362 4294 missum
383 4235 434 4294 est
456 4252 475 4294 a
497 4229 638 4315 lapicida
652 4224 811 4309 ἐπιδείξει
835 4230 903 4294 sive
927 4221 1106 4310 ἀποδείξει.
1131 4230 1170 4296 de
1186 4232 1323 4296 vinculis
1347 4232 1387 4295 ad

227 4341 352 4428 lapides
376 4341 576 4426 colligandos
601 4363 621 4404 a
643 4341 809 4405 veteribus
833 4340 987 4405 adhibitis
1010 4363 1110 4428 supra
1131 4365 1163 4428 p.
1186 4345 1227 4405 47
1254 4343 1386 4428 copiose

228 4455 362 4539 egimus.
413 4474 477 4537 qua
514 4453 640 4517 ratione
678 4453 945 4540 καταστρωτῆρες
981 4453 1120 4517 vinculis
1159 4453 1314 4517 immissis
1353 4459 1387 4519 et
