3310 5254
720 465 937 526 ...72-

246 653 359 738 gentia
391 674 434 717 ex
460 653 646 736 praeceptis
674 651 874 738 perspicitur
902 652 936 715 in
958 651 1054 716 titulo
1076 656 1188 714 nostro
1211 672 1241 714 v.
1267 653 1413 714 123-25

248 763 281 846 (ξ
310 767 329 828 3
362 764 461 848 extr.)
490 765 692 850 perscriptis.
743 771 875 850 praeter
904 765 1034 848 regulas
1069 763 1217 848 lapideas
1248 763 1413 848 longiores

247 896 379 961 quoque
403 877 535 960 regulas
559 877 629 940 sine
653 875 752 940 dubio
775 877 903 961 ligneas
926 876 1012 939 intcr
1034 874 1187 960 lapidarii
1208 874 1414 940 Lebadcnsis

246 988 465 1052 instrumenta
496 988 599 1052 luisse
634 1010 733 1074 supra
767 990 894 1064 monui3
924 988 1041 1074 quibus
1076 989 1199 1072 regulis
1236 986 1414 1051 maioribus

247 1121 383 1184 magnos
406 1099 533 1185 lapides
565 1105 598 1164 et
621 1107 803 1164 structuras
827 1122 870 1164 ex
893 1100 1113 1186 compluribus
1137 1099 1301 1185 lapidibus
1324 1120 1413 1162 com-

246 1212 372 1298 positas
407 1213 650 1277 examinabant.
709 1212 860 1277 adoleum
892 1217 999 1277 autem
1033 1233 1149 1297 purum
1183 1211 1269 1296 quod
1298 1211 1415 1275 attinet

247 1327 267 1403 ξ
293 1326 311 1386 7
336 1331 625 1387 commemoratum
649 1323 751 1388 Wilh.
775 1323 957 1410 Doerpfeld
987 1323 1185 1386 architectus
1217 1344 1270 1386 me
1294 1322 1413 1402 docuit,

246 1436 378 1519 regulas
400 1435 545 1518 ligneas,
568 1436 686 1520 viginti
710 1435 812 1520 pedes
834 1435 968 1518 longas,
989 1441 1027 1497 ut
1049 1440 1159 1498 rectae
1183 1439 1414 1518 permanerent

245 1567 329 1612 neve
355 1547 554 1631 recipientes
587 1548 718 1632 penitus
740 1568 888 1611 umorem
912 1548 1142 1626 flecterentur,
1174 1547 1247 1610 oleo
1279 1547 1413 1632 saepius

247 1657 422 1743 tingendas
446 1658 558 1722 fuisse.

334 1773 364 1835 5.
392 1763 443 1835 Τὸ
468 1772 788 1855 προςαγωγεῖον
809 1770 1062 1834 instrumentum
1082 1776 1134 1834 est
1149 1771 1284 1854 regulae
1308 1770 1414 1833 simile

248 1901 312 1966 quo
342 1880 472 1944 admoto
496 1879 621 1967 lapides
653 1881 891 1944 examinantur.
938 1902 1021 1965 quae
1052 1903 1105 1946 res
1136 1903 1209 1945 cum
1240 1903 1283 1945 cx
1305 1887 1414 1965 etymo

248 2001 422 2080 appareat,
449 2000 518 2056 tum
541 2015 561 2056 a
585 1994 732 2057 Platonis
757 1994 934 2058 scholiasta
951 1994 1161 2058 confirmatur
1183 1994 1238 2079 qui
1258 1993 1299 2056 ad
1314 1995 1417 2059 verba

248 2105 378 2168 Philebi
400 2127 431 2190 p.
449 2107 490 2168 56
514 2103 553 2168 0:
576 2097 646 2169 κατ’
673 2100 867 2189 οἰκοδομίαν
889 2143 933 2154 --
955 2101 1066 2170 κανόνι
1094 2103 1150 2170 καὶ
1174 2099 1276 2191 τόρνῳ
1298 2105 1414 2192 χρῆται

248 2213 306 2280 καὶ
326 2211 465 2303 διαβήτῃ
480 2213 537 2279 καὶ
562 2209 696 2303 στάθμῃ
719 2211 778 2280 καί
799 2240 863 2281 τινι
885 2213 1117 2302 προςαγιογείῳ
1141 2215 1237 2302 (quae
1251 2217 1356 2280 forma
1373 2239 1416 2280 ex

250 2325 320 2392 cod.
347 2325 529 2390 Bodleiano
553 2348 612 2412 pro
636 2327 835 2410 reliquorum
865 2327 1013 2392 codicum
1035 2329 1176 2392 lectione
1199 2324 1415 2414 προςαγωγίῳ

249 2438 453 2503 restituenda
471 2441 534 2519 est)
557 2438 738 2503 adnotavit:
762 2443 1020 2525 προςαγιογεῖον·
1042 2433 1227 2505 τεκτονικόν
1249 2437 1338 2504 ἔστιν
1360 2432 1416 2525 ὅρ-

250 2571 354 2635 γανον,
380 2540 636 2635 ὃπροςάγοντες
658 2543 831 2616 εὐθύνοοσι
854 2546 897 2615 τὰ
925 2546 1063 2636 στρεβλὰ
1091 2546 1181 2630 ξύλα.
1227 2552 1260 2615 in
1283 2557 1415 2616 nostrae

250 2663 473 2747 inscriptionis
482 2662 591 2726 verbis
602 2684 631 2726 v.
645 2666 704 2725 115
718 2684 786 2748 sqq.
798 2686 804 2726 :
821 2661 954 2748 ε’ργᾶται
966 2658 1043 2742 τοὺς
1055 2656 1179 2750 ἆρμοὺς
1191 2702 1207 2710 -
1215 2701 1232 2710 -
1245 2656 1416 2748 εὐγωνίοος

251 2768 336 2858 πρὸς
357 2768 396 2838 τὸ
420 2776 663 2858 προςαγωγεῖον
684 2795 780 2837 nemo
797 2795 861 2838 non
877 2774 1040 2859 intellegit
1061 2795 1207 2838 normam
1231 2773 1414 2859 (,Winlrel‘,

253 2885 294 2949 cf.
318 2884 372 2969 fig.
397 2883 441 2968 5),
465 2883 505 2948 de
529 2905 593 2968 qua
616 2884 771 2948 disseruit
794 2884 990 2950 Bliimnerus
1013 2887 1034 2952 l.
1058 2887 1079 2949 l.
1102 2909 1134 2972 p.
1159 2889 1220 2950 236
1245 2907 1292 2970 sq.

338 3001 367 3062 6.
387 2989 429 3062 ‘0
447 2990 664 3083 διαβήτης,
688 2997 812 3076 libella,
830 2997 870 3062 cf.
883 2997 1050 3063 Bliimner.
1066 3021 1097 3084 p.
1117 3001 1188 3062 235.
1221 3021 1416 3085 quamquam

252 3109 287 3171 in
316 3108 412 3171 titulo
438 3108 552 3172 libella
583 3109 655 3194 ipsa
686 3130 751 3172 non
787 3116 1074 3191 commemoratur,
1105 3117 1216 3175 tamen
1245 3133 1288 3175 ex
1315 3112 1415 3176 verbo

253 3215 534 3305 *διαβητίζεσθακ
564 3219 649 3304 quod
666 3242 695 3283 v.
726 3221 786 3284 186
810 3227 1001 3306 usurpatum
1026 3229 1091 3302 est,
1121 3244 1192 3286 eam
1216 3223 1416 3287 interamna

253 3331 404 3417 lapidarii
433 3330 639 3394 Lebadensis
669 3332 771 3396 fuisse
795 3339 940 3418 apparet.
987 3334 1027 3396 cf.
1053 3334 1155 3398 verba
1185 3335 1273 3397 tituli
1302 3335 1416 3398 Lesbii

254 3441 435 3527 aOyriaco
464 3444 584 3508 servati
612 3464 696 3527 quae
725 3445 880 3528 leguntur
901 3465 932 3507 v.
961 3447 998 3506 ll
1025 3467 1086 3529 sq.:
1110 3439 1210 3524 ξύσας
1233 3437 1336 3531 ὀρθὸν
1358 3457 1415 3526 (sc.

253 3549 292 3620 τὸ
316 3551 570 3640 προςθεμέλιον,
604 3577 723 3619 novum
746 3555 1009 3639 fundamentum)
1038 3551 1124 3642 πρὸς
1152 3553 1310 3646 διαβήτην
1332 3552 1416 3644 πρὸς

254 3667 313 3731 τοῦ
345 3664 493 3750 κειμένου
524 3663 709 3754 deutlich]
746 3660 806 3753 τὴν
838 3663 934 3752 ἕδραν
966 3667 1019 3746 (ad
1054 3668 1261 3753 superficiem
1294 3670 1415 3734 veteris

254 3777 483 3862 fundamenti).

343 3891 371 3952 7.
392 3884 469 3977 Τὴν
483 3885 633 3975 λινέην,
650 3890 763 3970 linum,
779 3890 900 3954 lineam
917 3889 1230 3970 (ef.vitr.v113,5‚
1247 3891 1414 3956 Bliimner.

256 4023 288 4086 p.
311 4001 504 4082 232-233),
528 4000 662 4086 opifices
685 4001 727 4064 ad
750 4001 917 4066 ducendas
940 4001 1055 4084 longas
1078 4001 1182 4065 lineas
1207 4001 1415 4067 adhibebant.

257 4111 298 4176 of.
321 4134 353 4197 p.
371 4114 421 4177 66.
458 4112 544 4197 apud
567 4112 721 4177 Bitonem
745 4113 785 4176 de
816 4120 935 4178 constr.
960 4113 1064 4176 mach.
1087 4135 1119 4198 p.
1139 4117 1199 4177 112
1223 4111 1289 4197 (ed.
1311 4115 1414 4179 Paris.

256 4223 357 4289 math.
381 4223 460 4305 vet.)
484 4229 566 4288 extr.
591 4219 627 4288 ui
650 4221 753 4312 λινέαι
777 4224 914 4288 funiculi
937 4225 1097 4289 dicuntur.

267 4340 270 4346 ’
343 4335 384 4400 V.
405 4338 464 4398 104
486 4355 572 4419 sqq.:
594 4329 644 4400 τὰ
667 4332 933 4420 ἐπιβαίνοντα
954 4330 1093 4401 πάντα
1116 4335 1184 4414 ἐπὶ
1206 4331 1303 4415 τοὺς
1323 4361 1418 4423 κρα-

257 4440 399 4524 τεοτὰς
425 4443 494 4510 καὶ
522 4443 591 4510 ἐπὶ
624 4441 693 4534 τὴν
727 4439 1062 4532 ὑπεοθυντηρίαν
1092 4449 1112 4512 i.
1143 4471 1171 4513 e.
1203 4470 1243 4513 ea
1272 4445 1423 4535 lapidum
