3310 5254
730 437 943 500 ..39-

255 619 404 710 κατάιιερ
433 621 492 690 ἐπὶ
524 627 596 703 τοῖς
629 617 741 704 ἄλλοις
769 620 874 711 ἔργοις
909 627 981 704 τοῖς
1007 618 1226 711 ὖιιεραμέροις
1257 623 1418 691 τέτακται.

255 757 363 823 poena
396 738 497 822 igitur
526 737 727 824 redemptori
756 736 931 818 solvenda,
962 739 990 802 si
1019 757 1120 823 opera
1150 742 1304 822 suscepte
1331 737 1419 830 intra

254 848 412 934 temporis
444 849 586 935 spatium
616 855 773 914 statutum
804 869 869 914 non
891 847 1100 935 perfecisset,
1132 847 1166 912 in
1195 849 1417 935 inscriptionis

256 959 453 1044 Tegeatioae
475 967 569 1047 parte
593 959 766 1047 deperdita
787 960 923 1026 definite
945 967 1025 1026 erat.

341 1099 407 1176 §a
441 1097 485 1184 (v.
510 1101 660 1182 41-44).
695 1100 726 1162 si
755 1099 833 1180 quid
859 1098 1063 1180 redemptores
1090 1097 1127 1163 de
1154 1099 1197 1162 iis
1225 1097 1317 1163 rebus
1338 1118 1418 1179 quac

252 1210 370 1292 scripte
390 1213 465 1274 sunt
484 1211 568 1274 iuter
588 1229 620 1274 sc
635 1209 858 1294 disceptabunt,
880 1213 1038 1276 curatores
1058 1211 1159 1276 iurati
1180 1209 1267 1291 epod
1287 1231 1382 1291 opere
1389 1211 1415 1296 ¹)

252 1342 317 1386 rem
349 1321 542 1387 diiudicento
570 1321 645 1386 dum
670 1323 783 1403 piures
805 1321 934 1387 dimidio
961 1343 1090 1388 nurnero
1115 1322 1231 1386 adsint.
1276 1321 1358 1404 quod
1387 1323 1417 1387 ei

252 1433 503 1512 diiudicaverint,
524 1435 576 1499 ιἰω
597 1438 762 1515 ratemque
784 1437 855 1500 estc.
902 1434 1017 1501 eadem
1039 1435 1123 1521 legis
1146 1434 1286 1501 formula
1307 1435 1341 1499 in
1365 1435 1415 1499 in-

254 1551 435 1611 strumento
450 1545 587 1611 Deliaco
612 1546 785 1611 adhibetur
808 1568 837 1612 v.
854 1549 895 1610 22
912 1569 975 1633 sq.:
999 1541 1056 1612 ἐὰν
1078 1545 1114 1612 δὲ
1128 1545 1263 1625 πλέονες
1279 1543 1415 1632 ἔργῶναι

253 1646 315 1723 ὦσι
340 1655 399 1723 καὶ
425 1653 509 1723 κατὰ
534 1655 615 1745 μέρη
644 1655 814 1724 διέλωνται
840 1652 883 1724 rd
909 1653 1000 1744 ἔργα,
1029 1653 1085 1724 ἐάν
1111 1683 1145 1725 ιι
1172 1651 1416 1747 ἆνφισβιγιῶσω

253 1762 338 1854 πρὸς
359 1761 533 1857 ἀλλήλους,
557 1766 810 1856 διακρινέτωσαν
832 1765 865 1835 oi
888 1765 1066 1835 ἐπιστάται
1088 1768 1122 1835 ἔν
1142 1773 1190 1859 τῷ
1214 1767 1290 1860 ἱερῷ
1311 1771 1415 1842 καθί-

253 1900 380 1959 σαντες·
405 1875 456 1946 ὅτι
480 1873 510 1945 d'
536 1873 575 1946 dv
598 1867 689 1946 οὗτοι
713 1875 920 1967 διακρίνωσι,
950 1875 1060 1967 κύριον
1083 1876 1181 1964 ἔστω,
1205 1884 1292 1950 haud
1316 1888 1413 1954 dissi·

252 1995 338 2058 milis
362 1992 500 2058 formula
522 1994 556 2056 in
571 1993 731 2079 principio
748 1994 835 2058 tituli
851 1993 1021 2079 Tegeatioi
1035 2015 1064 2058 v.
1085 1996 1099 2056 1
1120 2017 1201 2082 sqq.:
1235 2037 1252 2045 -
1269 2037 1286 2046 -
1303 1993 1337 2066 εἴ
1354 1993 1415 2065 mir

251 2132 284 2172 τι
307 2103 431 2196 γίνηται
453 2110 525 2186 τοῖς
547 2101 700 2194 ἔργώναις
722 2111 793 2187 τοῖς
821 2105 852 2174 ir
873 2111 928 2174 τοῖ
950 2101 1047 2175 ἀῦτοῖ
1068 2105 1165 2197 ἔργοι,
1189 2106 1252 2179 ὅσα
1274 2111 1413 2201 περὶτὰ

253 2213 360 2305 ἔργον·
384 2212 547 2286 ἇιιυέσθω
570 2218 606 2286 δὲ
626 2213 644 2287 ὁ
661 2213 856 2309 decerpere
877 2217 934 2287 τὸν
949 2213 1103 2288 ἆδικέντα
1127 2218 1157 2290 ir
1173 2217 1311 2312 ἁμέραις
1325 2225 1414 2314 τρισὶ

252 2323 322 2397 dod
350 2333 393 2421 τᾷ
414 2325 454 2397 dr
481 2328 520 2399 τὸ
542 2325 689 2420 ἀδίκημα
719 2331 859 2419 γένηται,
890 2327 1023 2420 ὕστερον
1046 2331 1082 2400 δὲ
1103 2330 1167 2424 μή·
1196 2334 1253 2403 καὶ
1277 2331 1296 2404 ὅ
1316 2363 1349 2405 τι
1373 2333 1415 2428 dy

252 2439 403 2529 κρίνωνσι
431 2439 464 2510 oi
493 2441 684 2533 ἔσδοτῆρες,
723 2438 833 2531 κύριον
861 2440 954 2512 ἔστω.
1011 2468 1148 2534 cumque
1177 2450 1211 2514 in
1238 2451 1343 2537 pactis
1372 2451 1413 2518 de

252 2557 361 2622 fundis
390 2557 556 2623 elocandis
580 2557 770 2645 compositis
793 2556 932 2623 formula
954 2557 995 2624 de
1022 2580 1086 2644 qua
1113 2561 1240 2646 agimus
1264 2562 1414 2629 adhiberi

253 2670 349 2734 solita
381 2670 440 2751 sit,
471 2669 558 2755 quod
589 2669 777 2756 perspicere
812 2671 891 2734 licet
925 2692 967 2735 ex
997 2671 1210 2759 inscriptione
1237 2673 1414 2760 Amorgi2)

252 2787 398 2869 reperta,
422 2787 559 2868 apparet
581 2802 653 2846 eum
676 2781 773 2868 plane
798 2781 991 2848 sollemnem
1015 2782 1127 2850 fnisse.

338 2921 405 2998 ὅθ.
442 2919 485 3005 (v.
510 2918 675 3005 45-47).
714 2920 767 2984 stre
797 2920 983 3002 redemptori
1010 2925 1167 2987 curatores
1198 2922 1234 2986 tn
1268 2923 1415 3006 suppedi-

251 3031 358 3097 tandis
390 3031 549 3114 lapidibus
576 3052 696 3096 moram
722 3031 855 3113 fecerint
890 3032 923 3116 (i.
949 3054 977 3098 e.
1007 3033 1134 3120 lapides
1162 3056 1228 3100 non
1256 3043 1346 3102 certo
1374 3057 1413 3101 ao

252 3145 429 3210 constituto
453 3151 599 3231 tempore
623 3142 859 3231 praebuerint),
884 3145 1029 3225 temporis
1055 3147 1192 3226 epcttrun
1215 3149 1414 3214 constitutam

251 3261 338 3321 tanto
349 3259 466 3338 quanto
477 3256 591 3321 morati
602 3257 925 3338 ercntproropcbrrrrt.
950 3257 1101 3322 similiter
1114 3264 1243 3348 tempus
1254 3261 1412 3326 amissum

251 3369 459 3456 prorogando
477 3368 754 3454 compensandum
770 3389 845 3434 esse
862 3369 896 3432 in
911 3369 1129 3434 locationibus
1145 3371 1301 3435 constitui
1317 3372 1411 3455 solet,

252 3483 281 3547 si
303 3475 370 3547 ὑπὸ
393 3476 490 3568 τύχης
512 3473 761 3569 ἅπροςδοιιήτοι·
788 3481 994 3567 potissimum
1018 3481 1105 3548 bello
1130 3489 1200 3548 orto
1224 3482 1411 3570 redemptor

321 3749 341 3814 ²)
359 3744 405 3800 eo
422 3747 478 3799 τῶν
495 3743 585 3818 ἔργων
603 3746 639 3814 (v.
656 3744 701 3809 43)
707 3765 713 3808 ;
733 3745 766 3800 of.
784 3745 809 3800 D
826 3762 852 3799 v.
870 3745 916 3799 23:
935 3745 966 3799 ἐν
983 3747 1023 3818 τῷ
1040 3745 1106 3819 ἱερῷ
1122 3746 1294 3806 καθίσαντες.

321 3851 341 3914 ²)
358 3848 463 3904 mitthl.
482 3848 508 3903 d.
531 3847 598 3902 inst.
621 3867 647 3902 v.
665 3848 686 3902 I.
705 3867 731 3918 p.
750 3849 801 3903 343
819 3849 863 3903 tit.
882 3849 922 3904 XI
938 3867 963 3905 v.
982 3849 1100 3904 46-47:
1127 3846 1179 3903 ὅσα
1201 3845 1228 3902 d*
1247 3847 1281 3904 ἂν
1304 3845 1411 3922 ἀμφισ-

252 3935 373 4005 [βηιῶσι,
389 3937 394 4003 Ι
410 3935 634 4008 διακρινέτωσαν]
658 3931 728 3988 αὔτα
751 3937 777 3988 ot
799 3934 927 3989 νεωιιοιοὶ
947 3933 977 3989 ἐν
1001 3936 1052 4007 τ[ῷ
1067 3935 1161 4008 χωρίῳ
1178 3936 1354 4001 retinueram
1377 3938 1411 3994 cf.

251 4019 366 4076 titulum
388 4019 488 4076 Teium
508 4021 601 4077 Herm.
624 4021 663 4075 IX
681 4040 707 4090 p.
726 4021 776 4075 501
796 4039 836 4090 sq.
854 4039 880 4076 v.
898 4021 933 4075 30
950 4039 990 4090 sq.
1025 4037 1116 4090 neque
1137 4019 1233 4092 inepte
1257 4023 1412 4094 comparari

250 4109 368 4177 possunt
389 4108 460 4177 legis
486 4105 589 4178 parieti
614 4106 745 4162 faciundo
771 4107 943 4162 Puteolanae
965 4105 1051 4162 verba
1076 4103 1153 4177 (CIL.
1181 4107 1195 4162 1
1219 4107 1269 4163 677
1296 4109 1347 4165 eol.
1369 4107 1411 4164 III

249 4212 276 4249 v.
286 4195 395 4260 7-11):
414 4194 474 4259 ‚hoe
492 4211 561 4262 opus
579 4209 660 4248 omne
677 4193 764 4249 facito
776 4193 914 4248 arbitratu
926 4193 1094 4263 duovir(um)
1113 4196 1142 4249 et
1158 4194 1344 4250 duoviratium
1361 4193 1411 4265 qui

250 4280 280 4333 in
307 4279 422 4334 oonsilio
447 4295 505 4333 esse
528 4279 619 4334 solent
642 4279 795 4345 Puteoleis‚
823 4280 899 4334 dum
916 4279 950 4333 ni
973 4280 1085 4334 minus
1107 4279 1239 4351 viginti
1260 4281 1410 4347 adsient,

251 4383 314 4421 enm
338 4383 372 4420 eu
397 4381 440 4420 res
467 4365 633 4420 consuletur.
679 4365 754 4434 qnod
781 4381 876 4420 eornm
901 4365 1006 4436 viginti
1023 4365 1142 4434 giureti
1169 4365 1410 4435 probaverint,

251 4451 391 4521 probum
410 4453 496 4516 esto,
514 4450 590 4520 qnod
607 4449 659 4504 icis
677 4449 895 4520 inprobaverint‚
913 4450 1063 4520 inprobum
1082 4452 1157 4505 esto‘.
