3310 5254
751 425 965 489 ..73-

282 611 354 679 dice
377 634 487 678 renum
515 635 680 680 sacrorum
702 613 866 703 Apollinis
895 613 995 696 Delii,
1017 613 1103 679 Bull.
1127 612 1168 680 de
1191 633 1273 679 corr.
1296 609 1386 677 Hell.
1408 608 1447 674 ΙΙ

281 748 313 812 p.
337 727 400 790 323
424 747 470 812 sq.
499 723 554 812 (cf.
585 726 672 793 cle.
703 726 800 812 28611)
839 733 1095 792 commemorant
1128 732 1321 811 quaestores
1351 747 1382 789 v.
1406 727 1446 788 6:

282 832 440 920 (πίνακα)
458 836 560 923 μέγαν
579 836 814 924 τεθυρωμένον.
835 873 877 884 -
893 839 1069 924 scriptores
1086 839 1245 903 vocabulo
1266 832 1355 922 δέρα
1371 858 1447 901 raro

282 951 458 1036 designant
491 973 546 1016 res
580 973 663 1037 quac
697 953 838 1037 aliquam
870 953 986 1016 ianuae
1019 951 1266 1017 similitudinem
1299 971 1378 1036 prae
1409 971 1448 1013 se

282 1064 407 1128 ferunt:
439 1064 479 1128 01.
502 1062 709 1128 Herodotum
731 1062 766 1126 II
789 1084 816 1127 c.
841 1066 882 1126 95
905 1057 990 1127 κατὰ
1012 1057 1088 1146 ῥόον
1110 1060 1147 1128 δέ
1168 1059 1339 1146 κομίζεται
1361 1048 1447 1125 ὦδε·

284 1169 356 1240 ἔστι
378 1171 415 1239 ἐκ
428 1169 565 1260 μυρίκης
586 1174 792 1261 πεποιημένη
810 1169 905 1260 δέρη,
928 1172 1147 1262 κατερραμένη
1169 1171 1266 1260 ῥίπεϊ
1278 1167 1448 1256 καλοίμων.

282 1282 419 1372 θυρίδες
441 1292 599 1350 vocantur
630 1287 761 1350 tabulae
785 1287 964 1355 litterariae
995 1288 1036 1351 sb
1059 1287 1180 1351 Atticis
1205 1284 1260 1371 (of.
1284 1286 1450 1370 Hesychii

283 1400 444 1483 glossam:
475 1393 618 1482 θυρίδας
641 1395 786 1463 Αττικοί
813 1393 873 1477 τὰς
899 1399 964 1463 τῶν
986 1393 1185 1483 γραμμάτιον
1208 1393 1344 1478 πτυχὰς.
1389 1394 1450 1461 καί

285 1505 423 1594 δίθυρον
437 1505 584 1593 λέγουσιν
599 1507 666 1572 κτλ.
691 1515 724 1572 01
747 1508 893 1574 Bakkeri
906 1509 1033 1575 Anecd.
1057 1508 1113 1574 Gr.
1126 1533 1157 1596 p.
1172 1513 1242 1591 100,
1258 1509 1301 1595 2),
1325 1510 1449 1596 quippe

284 1642 367 1705 quae
386 1621 517 1686 tabulae
539 1621 687 1705 margine
703 1622 907 1706 prominente
929 1622 1047 1687 ianuae
1071 1629 1324 1708 antepagmento
1350 1623 1451 1686 simili

288 1731 507 1798 circumdatae
531 1737 565 1796 et
588 1731 715 1797 occludi
739 1739 773 1797 et
795 1733 920 1797 recludi
941 1735 1120 1819 potuerint.

371 1843 412 1910 V.
439 1847 499 1907 125
524 1864 591 1928 sqq.
617 1842 825 1908 Cumanudes
842 1845 889 1908 ita
910 1845 1062 1910 exhibet:

327 1950 384 2021 τὸν
406 1952 439 2020 ἕν
460 1956 508 2042 τῷ
531 1951 607 2042 ἱερῷ
628 1948 826 2041 ὑπάρχοντα,
851 1952 997 2038 δοκίμως
1018 1947 1200 2042 ἄποξέσ[ας
1221 1951 1351 2034 πάντας

263 2063 265 2070 ’
327 2062 404 2144 τοὺς
425 2059 549 2152 ἁρμοὺς
569 2067 635 2131 τῶν
655 2060 934 2154 καταστρωτήρων
955 2061 1032 2144 τοὺς
1054 2059 1240 2154 ἅπιό[ντας,
1264 2064 1395 2147 cabod&

328 2176 404 2265 τῶν]
428 2175 582 2261 κειμένων
604 2177 661 2243 καὶ
683 2175 776 2256 τέλος
797 2174 934 2260 ἑχόντων
955 2174 1019 2244 aci.

371 2290 416 2354 At
449 2291 597 2378 primum,
625 2290 756 2376 quidem
788 2287 933 2374 δοκίμως
961 2314 1034 2356 011111
1067 2292 1341 2358 antecedentibus
1376 2314 1451 2358 esse

286 2401 548 2486 coniungendum
565 2403 662 2467 facile
679 2403 891 2487 intellegitur.
920 2403 1038 2469 deinde
1054 2425 1191 2469 necesse
1207 2411 1259 2469 est
1273 2405 1452 2489 coniunga-

287 2536 358 2578 mus
380 2513 444 2578 τῶν
464 2508 743 2602 καταστρωτήρων
766 2537 840 2578 oum
853 2515 961 2579 verbis
985 2537 1015 2579 v.
1040 2518 1114 2579 127:
1138 2517 1203 2580 τῶν
1224 2513 1379 2599 κειμένων
1393 2515 1453 2582 καί

285 2623 378 2704 τέλος
399 2620 550 2707 ἐχόντων,
575 2625 683 2691 deleto
706 2621 822 2703 καθώς
844 2626 1076 2693 additamento.
1122 2629 1156 2691 in
1184 2629 1225 2691 iis
1253 2630 1340 2692 enim
1369 2650 1453 2712 quse

291 2745 472 2824 sequuntur
493 2739 596 2802 verba
617 2738 699 2801 fiunt
720 2737 762 2802 de
786 2739 954 2803 veteribus
976 2739 1139 2825 lapidibus
1163 2740 1373 2825 perficiendis
1397 2741 1454 2823 (cf.

286 2873 317 2917 11.
338 2854 397 2914 133
422 2848 485 2934 sq.)
509 2871 644 2934 quorum
668 2851 701 2914 in
723 2850 816 2915 initio
838 2851 993 2915 disertam
1010 2853 1210 2918 mentionem
1226 2852 1297 2918 fieri
1313 2860 1453 2939 oportet.

287 2962 416 3028 accedit
439 2961 524 3046 quod
540 2962 656 3026 vocula
677 2955 793 3040 καθώς
815 2962 879 3026 nisi
902 2984 973 3027 cum
990 2963 1098 3027 verbis
1120 2961 1177 3028 καί
1200 2961 1278 3050 περί
1300 2959 1338 3030 τὸ
1362 2964 1453 3029 δεῖνα

287 3070 468 3160 γέγραπται
492 3074 665 3137 coniuncta
691 3073 723 3136 in
752 3075 848 3138 titulo
871 3074 1020 3138 adhiberi
1048 3095 1113 3139 non
1137 3077 1222 3140 solat
1244 3073 1299 3160 (01.
1324 3098 1375 3141 vv.
1401 3079 1452 3159 74,

288 3187 339 3264 82,
365 3185 537 3264 113,144;
568 3182 651 3248 cle.
679 3187 760 3249 1845
784 3206 813 3252 v.
837 3187 888 3266 83,
914 3188 990 3261 132;
1022 3189 1103 3251 1846
1127 3209 1156 3252 v.
1181 3191 1215 3264 2;
1246 3191 1329 3252 2556
1353 3195 1452 3267 01111.;

289 3299 373 3359 5774
396 3318 425 3362 v.
453 3299 529 3370 178;
554 3293 621 3380 ct).
666 3295 807 3380 denique
831 3298 923 3362 initio
945 3300 1142 3385 paragraphi
1165 3301 1302 3366 verbum
1325 3302 1453 3365 finitum
1557 3369 1559 3374 ⁴

288 3408 493 3474 desideratur
520 3407 606 3492 quod
635 3409 796 3493 quomodo
827 3411 955 3474 restitui
983 3413 1089 3496 possit
1118 3414 1181 3477 nisi
1209 3421 1246 3477 ut
1273 3415 1453 3478 scribamus

288 3542 320 3584 v.
339 3523 398 3584 125
418 3527 501 3585 extr.
522 3510 695 3606 ἇποξέσ1ει
711 3517 747 3583 δέ
760 3518 829 3606 καί]
847 3515 940 3606 1τοδς
954 3514 1078 3607 ἆρμοίις
1096 3525 1161 3589 τῶν
1176 3521 1454 3613 καταστρωτηρων

289 3630 474 3697 1100111100,
511 3630 626 3716 quibus
650 3633 887 3717 supplementis
902 3654 985 3718 quae
1008 3635 1087 3698 mihi
1110 3658 1244 3720 prorsus
1267 3638 1454 3702 necessaria

289 3745 439 3808 videntur
462 3745 603 3829 receptis
625 3750 729 3808 totum
748 3746 950 3809 enuntiatum
972 3747 1093 3831 optime
1112 3748 1272 3833 procedit:
1296 3740 1453 3828 ἆποξέσει

290 3854 325 3921 δὲ
354 3853 411 3920 καί
444 3850 520 3933 τοὺς
548 3848 672 3941 ἆρμοδς
698 3857 763 3920 τῶν
792 3854 1071 3945 καταστρωτήρων
1100 3854 1177 3936 τοὺς
1204 3851 1365 3938 ἀπιόντας
1390 3860 1454 3924 τῶν

289 3965 444 4051 κειμένων
465 3964 523 4031 καί
545 3965 637 4045 τέλος
659 3963 804 4048 ἑχόντων,
829 3962 914 4054 πρὸς
937 3959 993 4047 οὓς
1013 3967 1123 4052 μέλλει
1145 3967 1286 4050 τιθέναι,
1311 3967 1455 4049 ἐκτείνας

289 4074 348 4166 τὴν
369 4076 474 4165 λινέην
496 4074 560 4142 aad.
599 4099 705 4164 neque
724 4080 838 4160 dubitq
852 4082 929 4164 quin
951 4082 998 4145 ita
1010 4083 1166 4167 scriptum
1183 4083 1290 4162 fuerit,
1309 4084 1453 4169 quamvis

290 4214 408 4277 magna
423 4198 525 4256 restet
537 4191 723 4257 difficultas.
747 4213 883 4257 necesse
901 4195 988 4258 enim
1000 4202 1051 4259 cst
1068 4201 1248 4259 statuamus
1262 4204 1318 4259 aut
1330 4196 1454 4260 frontes

290 4305 435 4391 lapidum
457 4308 608 4367 veterum
631 4303 786 4368 hocloco
809 4299 885 4382 τοὺς
907 4297 1031 4391 δρμοδς
1051 4299 1128 4384 τοὺς
1150 4297 1313 4385 ἀπιόντας
1334 4309 1453 4388 vocari,

291 4418 366 4503 quia
375 4414 557 4481 abscedant
569 4438 589 4480 a
602 4418 703 4481 cellae
716 4418 851 4503 pariete,
868 4424 924 4481 sut
934 4409 1096 4496 ἀπιόντας
1107 4440 1165 4504 pro
1175 4414 1370 4502 προςιόντας
1380 4442 1454 4506 per-
