3310 5254
751 443 963 502 ..42-

363 627 457 704 §12
496 626 540 711 (v.
566 627 729 713 64-67).
764 627 875 708 quodsi
916 628 999 692 lomes
1025 627 1212 710 perpendes
1246 627 1295 712 (ut
1328 629 1362 691 in
1397 650 1437 694 eo

278 738 462 803 tabularum
486 739 745 805 substructiones
778 739 874 804 condi
900 738 1041 826 possint)
1071 740 1174 803 emitis
1200 740 1264 804 sive
1287 741 1439 826 petrides

276 850 423 914 inventus
444 851 517 928 erit,
542 853 634 932 pcm‘s
656 851 794 915 iedmdis
814 853 945 932 insuper
965 852 1086 914 mamito
1107 855 1150 914 tot
1175 856 1248 932 quot
1268 854 1440 918 necessarii

278 965 421 1026 eructet
443 983 504 1043 pro
530 983 567 1028 ee
596 985 715 1047 quoque
737 985 772 1028 re
793 963 876 1046 qaod
896 963 925 1026 ei
947 963 1088 1044 competit
1108 964 1239 1044 occipito
1272 983 1338 1028 une
1368 985 1438 1029 emm

271 1078 366 1155 purte
387 1075 514 1141 decime

365 1231 552 1317 Sequuntur
566 1239 743 1320 praecepta
759 1254 842 1319 quae
857 1237 1024 1297 curatores
1041 1239 1294 1319 composuerunt
1306 1232 1346 1298 de
1360 1255 1435 1319 per-

277 1342 417 1408 ficienda
432 1345 536 1409 altera
551 1346 737 1411 tabularum
761 1345 847 1410 serie
869 1366 952 1431 quae
976 1345 1039 1409 iam
1057 1345 1216 1409 collocata
1231 1350 1311 1410 erat.
1354 1367 1436 1430 quae

277 1455 409 1520 tabulae
434 1457 562 1522 coronis
585 1458 728 1523 nondum
753 1463 931 1522 exornatae
960 1461 1063 1521 erant.
1107 1457 1236 1521 litterae
1269 1478 1342 1521 cum
1372 1479 1437 1522 non

278 1575 589 1651 commemorentur,
612 1570 663 1634 his
686 1569 806 1634 tabulis
829 1569 871 1633 ad
894 1574 1040 1634 veterem
1065 1567 1183 1633 seriem
1208 1569 1435 1655 spectantibus

277 1679 342 1742 iam
377 1678 499 1745 incisae
533 1681 636 1747 fuisse
671 1680 831 1746 videntur.
888 1686 984 1766 atque
1014 1679 1153 1766 primum
1191 1680 1322 1766 quidem
1355 1703 1436 1767 opus

278 1789 469 1856 struendum
492 1793 605 1879 paucis
630 1793 826 1858 describitur
848 1793 867 1870 ξ
893 1796 931 1857 13
956 1814 1051 1879 quam
1074 1815 1143 1858 rem
1166 1793 1198 1856 in
1222 1794 1325 1858 altera
1348 1815 1435 1858 com-

277 1905 477 1969 mentatione
494 1904 682 1991 diligentius
707 1911 902 1970 tractaturus
920 1928 1003 1989 sum,
1025 1905 1144 1971 deinde
1166 1905 1329 1970 adduntur
1352 1928 1435 1991 quae

278 2021 444 2082 curatores
468 2015 508 2082 de
539 2017 610 2082 eius
633 2018 742 2104 operis
767 2017 950 2082 elocutione
975 2018 1192 2104 decreverunt
1215 2018 1235 2096 ἓ
1261 2021 1319 2100 14,
1352 2040 1435 2104 quae

278 2126 477 2214 respondent
499 2129 538 2192 iis
567 2150 650 2214 quae
674 2130 736 2207 §2
765 2130 974 2194 continentur
1002 2130 1204 2216 praeceptis,
1231 2128 1372 2212 denique
1396 2130 1436 2195 de

277 2238 436 2324 pecuniae
459 2239 619 2326 pensione
643 2241 751 2325 agitur
773 2241 792 2318 ἓ
818 2243 875 2322 15,
899 2262 983 2327 quae
1007 2242 1232 2328 paragraphus
1256 2265 1329 2306 cum
1353 2243 1372 2322 ἓ
1398 2247 1436 2306 10

279 2349 476 2417 conferenda
499 2357 558 2417 est.

364 2505 451 2582 513.
486 2504 529 2591 (v.
555 2507 704 2592 67-74).
742 2507 859 2572 tabulis
885 2471 987 2572 aetem
1018 2527 1097 2588 quae
1125 2527 1211 2574 emec
1240 2513 1314 2574 sumt
1342 2509 1439 2574 uede-

278 2615 338 2680 eim
360 2637 490 2682 corones
511 2619 673 2699 imponito,
701 2619 818 2684 tabuiis
844 2623 937 2684 antee
959 2639 1092 2700 superem
1111 2621 1278 2700 praecisis,
1306 2621 1439 2686 ditototo

277 2729 380 2809 spatio
404 2732 503 2810 ptumo
535 2731 618 2812 qaod
649 2751 734 2796 meme
768 2735 814 2796 est
850 2733 886 2795 im
918 2734 1041 2796 temtum
1071 2729 1224 2813 quamtum
1256 2733 1438 2802 iubebimus.

279 2840 405 2904 eximite
437 2846 540 2908 aetem
575 2843 701 2908 vineato
729 2863 848 2925 quoque
875 2864 954 2926 qaae
980 2863 1065 2908 mem
1092 2849 1167 2908 sem
1187 2846 1223 2910 ie
1250 2844 1374 2924 tabuiis,
1410 2845 1439 2910 si

278 2971 358 3033 quoe
378 2954 604 3034 proeminebant
631 2960 660 3020 et
681 2955 849 3035 impedient
870 2975 938 3020 emm
960 2956 996 3018 im
1012 2955 1231 3036 praecidendo,
1258 2960 1288 3020 et
1305 2956 1438 3040 forami·

278 3062 372 3128 uibus
389 3061 489 3149 foetis
523 3066 654 3130 inserite
675 3087 712 3130 ee
743 3067 805 3132 ioco
826 3065 979 3150 inferiore
1001 3071 1030 3132 et
1045 3067 1173 3148 plomba
1191 3068 1287 3146 probe
1308 3069 1438 3134 circem-

275 3172 415 3260 fmmdito.
466 3177 624 3243 immittite
653 3182 757 3244 autem
782 3179 818 3242 im
854 3198 907 3243 eos
935 3198 1053 3260 quoque
1084 3179 1246 3265 (coronas)
1277 3180 1377 3246 eleves
1410 3183 1440 3244 et

279 3305 377 3352 emsas
412 3291 442 3350 et
468 3289 598 3368 plumbo
632 3289 873 3371 circumfundito
903 3294 932 3353 et
966 3291 1104 3371 conficito
1135 3291 1241 3358 ommia
1275 3292 1368 3359 sicuti
1401 3291 1439 3360 de

279 3398 422 3480 operibus
444 3419 545 3482 supra
566 3400 729 3481 descriptis
750 3401 942 3466 deciaratum
964 3405 1018 3464 est.

365 3555 458 3633 514.
495 3555 538 3641 (v.
565 3556 730 3642 74-77).
764 3555 918 3621 siccamus
949 3559 1053 3620 autem
1077 3555 1136 3620 bos
1163 3574 1281 3638 qaoque
1309 3577 1439 3622 vermos

280 3665 475 3751 (undecim),
510 3667 689 3748 summitates
711 3667 835 3748 quidem
865 3671 895 3731 et
924 3667 1186 3748 qeimqmpedetes
1211 3668 1312 3732 eodem
1335 3669 1443 3751 pretio,

280 3798 340 3859 quo
361 3779 500 3860 retiquae
528 3781 624 3864 (quae
654 3779 694 3843 ad
723 3799 824 3843 novas
853 3778 980 3843 tabulas
1003 3779 1181 3865 pertinent)
1208 3780 1393 3844 comstebemt
1404 3781 1438 3863 ¹),

280 3889 447 3970 tripedeies
474 3893 577 3954 aetem
597 3894 744 3971 quattuor
771 3909 901 3954 mamere
923 3889 1015 3954 bimos
1040 3890 1282 3970 computabimus
1309 3891 1439 3971 (eodem

280 4002 385 4087 pretio
404 4023 466 4087 quc
480 4003 625 4087 singulas
642 4023 778 4067 coronas
794 4003 957 4086 maiores).
983 4024 1061 4088 quas
1079 4021 1214 4067 coronas
1229 4001 1382 4068 undecim
1398 4003 1439 4068 ed

209 4092 216 4106 ¹
280 4114 449 4178 minimum
461 4114 786 4200 undequinquaginta
797 4115 898 4201 pedes
910 4116 1025 4200 longas
1038 4115 1138 4179 fuisse
1152 4095 1342 4201 supradixi.
1367 4137 1439 4180 cum

281 4227 465 4294 nesciamus
496 4248 558 4312 quo
592 4249 727 4292 numero
766 4228 897 4293 tabulae
928 4233 1056 4292 veteres
1089 4226 1212 4292 fuerint
1254 4234 1439 4314 quantaque

282 4376 486 4388 r--wffl

353 4461 372 4529 ¹)
391 4460 440 4513 roi
457 4460 519 4511 ἴσου
537 4455 603 4513 ὅσον
620 4455 666 4510 καὶ
685 4458 712 4511 oi
729 4455 818 4513 iocosi
836 4453 935 4526 cipum
953 4458 989 4526 (v.
1008 4457 1060 4524 te),
1080 4455 1113 4511 cf.
1130 4423 1162 4526 ps
1176 4455 1211 4509 32
1228 4473 1293 4511 ann.
1310 4457 1336 4512 4.
