3310 5254
729 466 945 527 ..46-

260 672 399 737 cumque
429 646 534 741 βοτήρ
563 654 661 738 vulgo
690 653 790 717 limen
818 654 875 734 sit,
906 645 1121 741 διτοβατήρας
1153 673 1235 716 saxa
1265 651 1426 736 quadrata

259 763 361 827 fnisse
384 769 463 850 puto
479 764 520 828 ad
542 765 642 829 limen
664 770 861 851 perpetuum
889 765 940 828 cui
962 763 1094 828 tabulae
1117 763 1309 828 insisterent
1332 784 1423 827 com-

259 876 377 961 posita.
415 875 490 941 inde
514 882 624 940 autem
647 875 734 960 quod
750 868 957 963 διτοβατήρες
980 874 1190 940 struebantur
1205 871 1239 940 δν
1254 870 1422 960 προςέργῳ

260 985 315 1072 (cf.
330 1007 359 1051 v.
373 986 406 1070 8)
430 985 569 1052 fortasse
593 988 750 1073 colligere
771 987 849 1052 licet
872 1008 929 1052 eos
952 987 1049 1052 sicuti
1071 1008 1152 1073 opus
1176 986 1253 1064 §12
1275 985 1425 1072 descrip-

260 1105 329 1164 tum
351 1099 499 1164 adhibito
522 1120 603 1187 poro
628 1099 849 1165 conficiendos
871 1098 986 1165 fuisse.
1031 1120 1104 1164 cum
1127 1099 1216 1163 enim
1238 1097 1425 1163 tabularum

260 1211 409 1291 materia,
432 1217 469 1275 ut
492 1232 592 1297 supra
614 1211 921 1294 demonstravimus,
944 1232 964 1275 a
988 1211 1193 1275 curatoribus
1218 1209 1427 1297 suppeditata

262 1323 314 1404 sit,
338 1343 404 1387 non
432 1324 633 1409 perspicitur
660 1323 738 1409 quid
762 1345 804 1388 ex
826 1323 914 1410 poris
942 1344 962 1386 a
991 1321 1197 1409 redemptore
1226 1321 1424 1407 praebendis

263 1433 455 1500 struendum
478 1433 577 1500 fuerit
599 1435 663 1500 nisi
686 1426 902 1524 ὕποβατήρες.

350 1544 421 1610 Iam
445 1567 543 1632 supra
566 1545 813 1612 observavimus
844 1547 970 1612 litteras
994 1545 1114 1612 tabulis
1138 1545 1255 1610 erectis
1278 1564 1317 1609 ao
1339 1543 1425 1610 ferro

262 1656 461 1743 plumboque
490 1659 576 1722 inter
606 1680 642 1723 se
666 1658 783 1724 vinctis
807 1659 928 1723 incisas
961 1680 1046 1725 esse.
1090 1657 1232 1744 pretium
1254 1657 1343 1722 euim
1365 1677 1425 1743 pro

262 1770 381 1834 litteris
405 1770 587 1836 incidendis
611 1771 811 1858 redemptori
834 1771 869 1835 in
885 1778 1094 1836 antecessum
1117 1770 1260 1835 solutum
1284 1775 1344 1851 est,
1367 1768 1424 1834 ubi

263 1881 498 1948 demonstravit
518 1884 648 1948 tabulas
671 1877 784 1962 πάσας
804 1879 1017 1969 εἰργασμένας
1039 1879 1097 1947 καὶ
1119 1874 1225 1968 δρδδις
1239 1875 1346 1968 πάντῃ
1369 1878 1426 1946 καὶ

263 1990 355 2072 τέλος
388 1988 525 2074 ἐχούσας
558 1989 643 2060 κατὰ
677 1989 736 2083 τήν
771 1989 958 2084 συγγραφήν
990 1991 1048 2059 καὶ
1081 1990 1427 2080 μεμολοβδοχοήμένας

264 2106 305 2185 (v.
331 2106 483 2191 50-52).
529 2128 594 2193 qua
623 2109 750 2173 ratione
779 2109 912 2173 tabulae
944 2107 1081 2172 vinculis
1111 2112 1145 2172 et
1166 2106 1300 2193 plumbo
1324 2105 1426 2170 conli-

266 2217 394 2302 gandae
418 2218 555 2296 fuerint,
589 2219 699 2283 statim
723 2241 902 2307 exponam,
933 2225 1106 2305 postquam
1129 2238 1235 2304 panca
1261 2217 1427 2304 praefatus

265 2350 321 2394 ero
345 2328 386 2394 de
410 2330 538 2394 coronis
562 2330 680 2415 quibus
703 2329 835 2396 tabulae
859 2331 1111 2396 exornabantur.

352 2440 403 2506 De
428 2441 532 2506 forma
555 2461 749 2506 coronarum
772 2440 942 2527 (δριγιῶν)
956 2442 1047 2506 ‘nihil
1070 2446 1207 2506 constat.
1254 2462 1298 2506 ex
1319 2440 1428 2505 verbis

266 2554 309 2638 (v.
337 2556 376 2617 79
391 2551 453 2638 sq.)
488 2546 548 2632 τὰς
577 2547 698 2641 στήλας
725 2547 938 2638 εἰργασμένας
971 2550 1029 2617 καὶ
1062 2549 1212 2636 κειμένας
1238 2549 1296 2617 καὶ
1324 2575 1429 2636 μεμο-

266 2662 528 2752 λτβδοχοημένας
550 2662 608 2730 καὶ
637 2659 714 2743 τοὺς
735 2659 893 2750 δριγιοδς
913 2658 990 2742 τοὺς
1012 2661 1071 2729 ἐπὶ
1093 2658 1216 2742 ταύτας
1236 2661 1430 2748 τιθεμένους

266 2774 455 2861 δεδεμένους
475 2771 560 2842 κατὰ
582 2771 728 2865 κεφαλήν
750 2775 806 2860 (ef.
830 2798 860 2840 v.
878 2777 933 2860 84)
957 2783 1094 2862 apparet
1117 2797 1254 2841 coronas
1278 2776 1428 2841 effecisse

268 2889 449 2974 marginem
463 2895 660 2973 perpetuum
683 2888 803 2952 tabulis
827 2909 910 2973 quae
934 2887 975 2952 ad
992 2887 1129 2952 eandem
1148 2888 1268 2953 seriem
1284 2888 1429 2973 pertine·

269 3002 348 3066 bant
378 3001 447 3064 sive
482 3001 665 3084 conligatae
702 3006 796 3065 erant
829 3001 1061 3086 imponendum
1094 3000 1149 3083 (el.
1178 3001 1231 3086 lig.
1263 3001 1340 3064 6in
1362 2999 1428 3063 tab.

270 3112 446 3196 adiuncta).
504 3110 692 3197 redemptor
726 3132 863 3177 coronas
896 3107 1136 3200 σομφωνούσας
1169 3107 1255 3197 πρὸς
1288 3103 1430 3199 ἀλλήλας

270 3218 416 3307 δοκίμως
443 3222 580 3289 reddere
604 3223 747 3288 debebat
777 3225 819 3304 (v.
844 3224 910 3308 85),
940 3225 1025 3290 inter
1063 3245 1099 3289 se
1129 3225 1356 3304 concinentes,
1395 3222 1429 3287 id

267 3336 355 3421 quod
390 3337 530 3402 fortasse
566 3335 608 3401 ad
642 3343 834 3401 ornamenta
868 3337 903 3400 in
938 3357 1130 3401 coronarum
1165 3337 1272 3401 fronte
1291 3336 1430 3421 sculpta

264 3429 477 3515 referendum
500 3455 561 3514 est.
607 3449 812 3535 paragrapho
843 3448 971 3513 decima
998 3450 1097 3514 tertia
1125 3455 1293 3514 curatores
1316 3447 1430 3535 paucis

271 3568 455 3648 exponunt,
484 3561 668 3647 quomodo
692 3561 813 3626 tabulis
837 3561 1006 3625 veteribus
1027 3559 1180 3626 undecim
1204 3581 1345 3626 coronae
1368 3561 1430 3624 im-

270 3675 442 3761 ponendae
477 3674 600 3740 luerint
630 3673 673 3759 (v.
704 3675 745 3736 67
777 3675 879 3758 sqq.):
914 3666 1073 3760 ἐπιθήσει
1111 3670 1148 3737 δὲ
1186 3670 1244 3737 καὶ
1283 3669 1342 3738 ἐπὶ
1371 3666 1432 3750 τὰς

270 3780 392 3874 στήλας
420 3780 481 3864 τὰς
511 3779 723 3870 ὑπαρχούσας
754 3779 912 3869 θριγκοὺς
939 3781 1068 3866 ἕνδεκα,
1106 3780 1345 3870 προεπικόψας
1372 3777 1432 3862 τὰς

269 3892 400 3986 στήλας,
425 3891 593 3982 ἐπιλαβὼν
615 3890 693 3961 ὅσον
715 3888 754 3960 δν
776 3890 954 3978 κελεύωμεν
976 3890 1061 3981 πρὸς
1075 3890 1135 3984 τήν
1149 3892 1352 3981 περιτένειαν
1372 3890 1432 3984 τήν

270 4008 440 4074 δοθεῖσαν.
479 4008 611 4073 tabulae
635 4008 735 4092 igitur
758 4028 905 4072 summae
928 4007 1072 4072 nondum
1094 4009 1141 4072 ita
1164 4009 1311 4094 sculptae
1334 4013 1432 4093 atque

271 4121 497 4206 complanatae
521 4124 628 4196 erant,
659 4125 696 4182 ut
719 4118 908 4205 redemptor
931 4119 979 4184 eis
1003 4140 1139 4184 coronas
1164 4120 1432 4205 superimponere

270 4238 394 4320 posset.
452 4237 542 4296 certa
575 4235 701 4294 tantum
733 4230 918 4316 superficiei
948 4253 1023 4318 pars
1053 4232 1193 4296 fortasse
1222 4232 1256 4295 in
1284 4233 1433 4317 margine

271 4345 379 4410 antico
402 4344 467 4409 iam
490 4343 654 4427 laevigata
685 4347 755 4405 erat
778 4363 842 4427 qua
872 4344 905 4406 in
929 4344 1116 4431 sculpendis
1140 4344 1258 4409 ceteris
1282 4345 1432 4430 partibus

272 4458 466 4523 documento
501 4455 549 4520 uti
577 4455 730 4520 debebat.
778 4454 861 4518 haec
890 4456 977 4519 enim
1005 4477 1080 4542 pars
1102 4458 1213 4543 plana,
1243 4447 1264 4543 ή
1291 4455 1432 4522 δοθεῖσα
