3310 5254
705 455 918 526 „Mu

230 637 364 717 dictaeo
385 675 406 740 η
430 644 489 717 ἐπὶ
506 644 565 717 δύο
588 645 697 730 πόδας
716 635 753 717 ἔκ
774 651 833 718 τοῦ
848 639 1040 739 προςιόντος
1056 635 1163 740 dodosi
1186 675 1269 740 quae
1294 665 1392 742 supra

230 765 330 829 rudus
349 764 423 851 (bb)
448 765 696 830 collocabuntur
716 786 820 850 usque
840 765 882 830 ad
897 766 1034 831 duorum
1050 767 1170 854 pedum
1185 768 1392 833 latitudinem

230 876 306 941 inde
329 899 350 940 a
371 877 497 958 fronte,
530 878 657 942 scilicet
678 878 768 942 basis
791 899 904 962 margo
928 879 1054 944 anticus
1079 879 1164 965 (dd),
1193 901 1252 945 eae
1281 885 1392 966 partes

231 1009 345 1054 omnes
363 987 509 1052 adhibito
525 989 742 1054 instrumento
760 989 940 1072 subtiliore,
965 992 1093 1076 scalpro
1110 990 1254 1074 dentato,
1278 991 1391 1074 denso,

230 1107 325 1165 acuto
343 1093 429 1182 (ἀπὸ
444 1097 554 1180 gotter
568 1100 741 1188 χαρανινῆς,
754 1101 889 1189 πυκνῆς,
906 1099 1160 1191 ἕπηκονημένης)
1176 1103 1392 1190 laevigandae

231 1218 317 1294 sunt,
341 1219 455 1276 contra
476 1213 605 1276 basium
627 1211 735 1277 media
758 1213 821 1295 (ee,
844 1207 886 1277 τὰ
908 1211 994 1296 μέσα
1017 1209 1235 1301 σομψαύοπα
1257 1237 1288 1283 v.
1304 1217 1391 1304 107),

231 1326 350 1412 quippe
374 1347 459 1410 quae
477 1347 575 1412 supra
598 1325 698 1390 rudus
721 1325 912 1390 collocanda
928 1331 962 1391 et
978 1327 1087 1391 statim
1104 1328 1294 1392 excavando
1317 1329 1391 1411 sint,

232 1437 379 1502 adhibito
393 1440 522 1526 scalpro
539 1439 672 1503 dentato
688 1459 798 1502 crasso
816 1429 900 1523 (ἀπὸ
916 1433 1026 1517 ξοΐδος
1041 1439 1213 1528 papaueris,
1229 1435 1391 1526 τραχείας,

231 1572 260 1616 v.
287 1550 362 1637 107)
394 1553 595 1638 sculpuntur.
645 1557 774 1617 veteres
798 1552 941 1616 artifices
971 1551 1097 1637 lapides
1128 1573 1241 1618 omnes
1273 1553 1391 1638 quibus

230 1663 403 1727 struebant
426 1669 459 1728 et
481 1685 562 1727 saxa
584 1662 741 1749 quadrata
763 1667 797 1727 et
820 1664 1043 1727 columnarum
1067 1663 1230 1748 cylindros
1262 1665 1309 1728 ita
1331 1686 1391 1730 ex-

231 1795 347 1838 cavare
371 1775 532 1856 solebant,
554 1780 591 1838 ut
612 1775 778 1858 margines
806 1773 962 1838 editiores
991 1772 1166 1839 redderent
1194 1781 1227 1840 et
1249 1775 1290 1838 ad
1314 1776 1391 1840 sub-

230 1888 374 1951 tiliorem
391 1887 637 1950 commissuram
654 1885 903 1969 diligentissime
920 1885 1134 1969 laevigarent,
1158 1886 1267 1950 media
1282 1892 1392 1952 autem

231 1999 371 2061 laterum
395 1997 637 2082 compactilium
660 2017 763 2061 vacua
785 1997 951 2061 laxatione
974 1997 1162 2061 intermissa
1191 1997 1391 2064 dirimerent.

231 2116 487 2174 consentaneum
511 2115 563 2174 est
590 2108 713 2189 media,
743 2129 816 2173 cum
847 2114 964 2195 postea
987 2108 1171 2174 excidenda
1195 2116 1322 2193 essent,
1350 2112 1392 2176 ab

229 2222 322 2286 initio
345 2222 453 2284 minus
480 2220 657 2306 diligenter
679 2222 807 2306 sculpta
835 2241 920 2286 esse.
965 2220 1006 2285 ad
1037 2223 1254 2287 instrumenta
1282 2230 1393 2290 autem

232 2340 487 2400 commemorata
510 2333 595 2419 quod
619 2334 747 2414 attinet,
769 2332 927 2419 lapicidas
952 2334 1087 2419 scalpris
1104 2334 1246 2399 dentatis
1269 2335 1303 2399 in
1325 2337 1390 2402 fine

232 2447 364 2512 demum
388 2447 496 2532 operis
520 2467 597 2510 usos
622 2467 695 2511 esse
718 2451 796 2532 puto
820 2445 937 2531 quibus
958 2453 1140 2511 extremam
1162 2447 1392 2532 laevigationis

231 2566 487 2644 assequerentur
519 2557 766 2644 perlectionem,
817 2556 859 2620 ad
891 2556 1037 2643 lapidum
1068 2558 1166 2622 bases
1204 2558 1391 2644 dirigendas

232 2673 365 2757 opifices
378 2671 508 2755 regulas
519 2663 695 2754 (κανόνας),
709 2668 915 2754 lapidibusut
927 2689 986 2754 par
998 2675 1048 2732 ost
1060 2689 1125 2732 non
1133 2669 1287 2753 minores,
1300 2670 1392 2735 adhi-

229 2784 307 2848 bere
321 2783 443 2847 debent
456 2780 510 2866 (cf.
523 2803 553 2845 v.
564 2784 702 2844 107-11
713 2781 757 2866 0).
781 2781 1024 2865 distinguuntur
1039 2780 1072 2844 in
1086 2782 1180 2845 titulo
1195 2783 1325 2867 ligneae
1339 2805 1391 2848 re-

231 2896 327 2980 gulae
351 2915 456 2979 usque
487 2892 529 2957 ad
551 2893 666 2977 viginti
689 2890 792 2978 pedes
815 2892 949 2976 longae,
973 2892 1175 2978 semipedem
1198 2895 1300 2977 altae,
1332 2915 1392 2960 sex

230 3007 350 3092 digitos
372 3008 474 3086 latae,
504 3025 524 3070 a
546 3005 670 3089 regulis
693 3003 832 3090 lapideis
855 3003 941 3067 haud
965 3002 1062 3070 dubie
1085 3006 1188 3070 multo
1211 3007 1391 3072 minoribus

230 3120 348 3202 quibus
370 3118 423 3182 usi
446 3117 579 3205 opifices
602 3115 747 3201 lapidum
770 3116 945 3201 polituram
969 3118 1190 3202 comprobant.

316 3231 358 3296 V.
383 3233 563 3293 110-115
596 3228 791 3314 describitur
820 3227 982 3312 quomodo
1014 3249 1053 3292 ea
1081 3228 1170 3293 basis
1199 3249 1275 3314 pars
1306 3250 1390 3314 quae

233 3363 331 3428 supra
364 3341 465 3406 rudus
500 3341 623 3406 iacebit
653 3340 718 3424 (fig.
749 3342 848 3421 2ee,
879 3333 917 3403 τὸ
948 3335 1006 3403 ἐπὶ
1038 3334 1097 3426 τὴν
1126 3332 1391 3427 ὑπεοθυντηρίαν

231 3451 418 3540 ἐπιβαῖνον)
448 3459 481 3518 et
503 3454 611 3518 minus
634 3453 809 3536 diligenter
830 3451 996 3537 laevigata
1023 3458 1074 3516 cst
1096 3453 1142 3516 ita
1165 3453 1390 3538 exsculpenda

231 3567 287 3648 sit,
322 3573 359 3631 ut
389 3565 535 3652 lapidum
569 3565 659 3628 basis
694 3570 727 3628 et
757 3562 922 3628 ruderatio
953 3563 987 3627 in
1019 3570 1227 3649 compactura
1261 3565 1391 3649 digituli

229 3679 374 3744 habeant
402 3679 604 3744 laxationem
632 3677 686 3762 (of.
709 3677 763 3760 fig.
788 3679 806 3740 3
831 3697 880 3757 ee,
903 3677 956 3760 fig.
981 3680 1011 3756 4,
1039 3670 1193 3758 χάλασμα
1220 3671 1266 3764 μὴ
1289 3674 1390 3742 πλέον

230 3785 446 3856 ὄακτυλίσκοο
474 3811 504 3855 v.
537 3788 624 3874 115).
670 3809 752 3874 quae
780 3787 870 3853 basis
898 3809 973 3874 pars
1004 3779 1039 3875 (ἡ
1066 3780 1237 3875 ὑποτομή)
1269 3795 1390 3873 quanta

148 3961 151 3966 .
229 3901 432 3988 longitudine
459 3907 644 3986 quantaque
675 3898 846 3964 latitudine
875 3897 1060 3963 exsecenda
1092 3905 1190 3979 esset,
1221 3899 1389 3964 definitum

230 4021 301 4080 erat
323 4013 542 4100 laevigaticne
564 4012 671 4076 minus
689 4011 802 4076 subtili
824 4003 967 4094 (πλάτος
981 4006 1038 4074 καὶ
1054 4004 1164 4094 βάθος
1178 4005 1216 4076 τὸ
1233 4009 1388 4099 δειχθέν).

230 4148 308 4212 ergo
343 4147 443 4213 opere
476 4124 623 4212 perfecto
651 4124 817 4209 margines
848 4129 916 4188 tres
946 4122 1014 4208 (fig.
1037 4125 1056 4186 3
1081 4143 1128 4206 co,
1153 4145 1199 4206 co,
1223 4124 1281 4209 dd)
1312 4147 1388 4212 pro-

228 4239 412 4320 minebant,
446 4257 558 4322 margo
587 4242 721 4320 quartus
749 4255 915 4300 unacum
944 4234 1053 4299 medio
1085 4236 1275 4321 exsculptus
1308 4243 1387 4320 erat,

230 4372 303 4416 oum
327 4350 451 4415 excisio
475 4349 551 4414 inde
574 4369 594 4413 a
615 4349 719 4414 latere
742 4367 858 4413 averso
881 4348 947 4431 (gg,
971 4341 1007 4410 ἐκ
1021 4345 1080 4410 τοῦ
1096 4337 1254 4424 ἀπιόντος
1268 4338 1387 4432 ἆρμοῦ)

228 4469 379 4551 porrecta
401 4467 500 4528 esset.

1194 4577 1231 4632 4*
