3310 5254
341 629 553 726 Paragraphc
591 638 691 705 tertia
723 641 766 724 (r.
792 639 987 724 115-125)
1026 639 1067 706 de
1102 638 1262 705 lateribus
1299 635 1417 726 agitur.

256 752 327 816 sola
366 752 471 816 latera
512 751 726 818 abscedentia
758 748 806 836 (οὶ
842 745 942 838 ἆρμοί
979 747 1013 818 oi
1046 743 1217 832 ἀπιόντες,
1259 773 1289 818 r.
1332 755 1417 835 116),

256 863 383 929 scilicet
413 861 531 927 dextra
558 863 626 949 (fig.
648 868 678 945 2,
702 866 732 944 3,
752 864 799 950 ff)
830 864 964 928 sinistra
990 885 1107 929 aversa
1137 863 1209 949 (gg)
1240 863 1419 950 sculpenda

255 980 346 1058 sunt,
376 975 529 1062 quoniam
559 976 728 1041 siuistmm
757 976 914 1061 cuiusque
945 973 1062 1062 lapidis
1090 976 1175 1039 latus
1204 996 1278 1040 curn
1300 959 1418 1062 lapidis

255 1086 482 1154 antecedentis
512 1088 616 1153 latere
646 1087 780 1170 dextro,
822 1087 966 1152 omnium
1002 1092 1112 1152 autem
1147 1086 1293 1173 lapidum
1322 1087 1417 1173 (mm)

255 1199 378 1264 ordinis
407 1199 542 1264 alterius
573 1200 678 1264 latera
710 1221 827 1264 aversa
858 1198 931 1284 (gg)
967 1220 1040 1265 cum
1068 1198 1231 1264 frontibus
1263 1197 1336 1285 (nn)
1369 1199 1417 1264 la·

256 1311 369 1399 pidum
399 1311 440 1376 ad
471 1311 617 1377 ordinem
646 1313 788 1399 priorem
816 1311 1051 1397 pertinentium
1073 1308 1148 1395 (kk)
1179 1310 1418 1397 compingenda

256 1429 340 1490 sunt.
385 1423 510 1488 frontes
539 1429 649 1489 autem
677 1423 823 1510 lapidum
852 1445 926 1488 mm
956 1429 1026 1488 tum
1057 1422 1187 1489 demum
1215 1424 1417 1509 sculpuntur,

257 1557 331 1601 cum
354 1541 423 1600 toto
451 1535 564 1601 ordine
588 1537 771 1622 posteriore
796 1537 955 1602 collocato
978 1542 1012 1601 ct
1033 1537 1161 1600 firmato
1184 1556 1288 1600 novae
1313 1541 1417 1599 struc-

254 1653 348 1713 turae
371 1648 419 1712 cis
448 1646 651 1733 adaptandae
675 1653 769 1730 suut,
804 1648 920 1714 eadem
948 1648 1074 1713 ratione
1107 1669 1171 1733 qua
1200 1645 1347 1734 lapidum
1369 1647 1418 1710 klr

254 1765 367 1846 partes
402 1781 452 1825 uu
486 1759 666 1826 secundum
700 1766 878 1847 praccepta
906 1781 989 1846 quae
1019 1759 1261 1846 paragraphum
1287 1759 1418 1824 tertiam

255 1874 435 1960 excipiunt.
480 1873 620 1960 primum
647 1873 747 1958 igitur
773 1872 934 1958 lapicidae
957 1874 1063 1938 latera
1092 1871 1237 1959 lapidum
1265 1893 1337 1936 mm
1360 1872 1418 1936 ab·

258 1983 428 2050 scedentia
449 1985 558 2049 omnia
583 1984 721 2050 reddere
745 1984 867 2050 debent
889 1985 996 2072 plana,
1019 1985 1169 2049 rubricae
1193 2005 1255 2071 ope
1277 1984 1417 2070 probata

255 2090 503 2178 (συμμίλτους),
535 2101 639 2176 recta,
672 2116 734 2160 nec
757 2116 855 2160 curva
877 2116 940 2160 nec
961 2096 1097 2178 rimosa,
1131 2094 1417 2182 perpendicularia

255 2203 463 2290 (aoddrovg),
499 2204 656 2290 quadrata
686 2205 728 2270 ad
756 2228 901 2271 normam
930 2199 1118 2292 (εὐγωνίους
1144 2201 1230 2292 πρὸς
1254 2201 1293 2272 τὸ
1316 2231 1419 2292 προς-

256 2318 437 2402 αγωγεῖον),
462 2316 576 2382 solida.
613 2323 680 2382 tres
702 2324 812 2384 autem
836 2319 1000 2404 margines
1023 2312 1144 2404 (adalp
1159 2313 1201 2382 τὰ
1217 2312 1293 2403 τρία
1308 2316 1415 2405 μέρη),

256 2429 382 2493 scilicet
407 2409 530 2508 ‚dexter
565 2429 697 2494 sinister
729 2431 878 2516 superior
908 2429 957 2515 (h,
980 2430 1016 2511 h,
1040 2429 1093 2515 ii),
1131 2451 1235 2516 usque
1273 2429 1315 2494 ad
1343 2430 1418 2495 lati-

255 2540 403 2605 tudinem
426 2540 602 2625 digitorum
624 2542 794 2606 minimum
817 2564 936 2608 novem
958 2542 1144 2628 laevigandi
1173 2548 1248 2607 suut
1271 2542 1418 2607 adhibito

257 2655 385 2739 scalpro
418 2653 484 2718 levi
514 2659 610 2718 acuto
643 2644 729 2736 (ἀπὸ
762 2649 925 2740 λειστρίου
957 2649 1063 2730 λείου,
1093 2651 1349 2741 ἕπηκοιημένου)
1385 2660 1420 2719 ct

256 2764 432 2850 laevigatio
457 2761 617 2830 'rubricae
653 2766 716 2851 ope
753 2766 816 2831 rite
850 2765 1091 2852 comprobanda
1120 2771 1172 2830 est
1205 2766 1420 2852 (μιλτολογιῦν
1499 2803 1503 2814 ,

256 2872 401 2959 δοκίμως
423 2899 452 2941 v.
473 2875 557 2962 120).
603 2882 716 2940 contra
738 2877 846 2942 media
867 2880 1007 2943 laterum
1030 2878 1066 2961 (f,
1083 2883 1117 2963 g)
1142 2877 1321 2965 sculpendo
1343 2887 1419 2943 sunt

257 2987 403 3052 adhibito
427 2990 554 3074 scalpro
578 2988 710 3054 dentato
734 2989 813 3054 duro
836 2982 922 3073 (ἀπὸ
946 2987 1057 3070 ξοΐδος
1077 2986 1254 3077 τραχείας).
1305 3012 1417 3076 margo

257 3105 404 3183 quartus,
428 3119 500 3163 cum
524 3099 686 3186 lapidibus
704 3102 871 3166 collocatis
894 3102 1065 3167 inferiores
1083 3103 1316 3168 commissurae
1340 3124 1418 3168 con-

258 3210 340 3297 spici
368 3210 551 3294 nequirent,
580 3233 638 3277 cur
664 3218 720 3276 aut
747 3212 938 3298 diligentius
973 3215 1174 3300 expoliretur
1202 3220 1258 3278 aut
1285 3214 1417 3279 omniuo

257 3344 356 3410 supra
378 3322 521 3388 medium
543 3325 754 3410 promineret,
777 3346 842 3390 non
865 3331 935 3390 erat
960 3345 1069 3390 causa.
1114 3325 1224 3391 media
1247 3327 1334 3396 enim
1357 3348 1416 3391 cx-

257 3434 436 3521 sculpeuda
454 3458 527 3501 esse
547 3442 712 3501 curatores
736 3438 846 3500 statim
863 3437 978 3502 iubent
989 3437 1112 3503 verbis:
1136 3434 1192 3501 καὶ
1210 3429 1418 3524 ἇναθυρώσει

257 3541 334 3624 τοὺς
357 3539 548 3641 copodo-(v.
575 3549 659 3636 121),
684 3548 704 3614 i.
729 3570 758 3615 e.
787 3550 948 3614 foramina
970 3550 1004 3613 in
1026 3550 1143 3614 mediis
1165 3550 1323 3615 lateribus
1348 3551 1416 3615 sive

255 3658 416 3724 incisuras
444 3659 549 3723 ianuis
578 3661 632 3725 rel
661 3660 814 3725 fenestris
843 3660 963 3725 similia
991 3660 1058 3747 (fig.
1084 3665 1114 3742 3,
1137 3661 1158 3743 f,
1182 3661 1217 3748 g)
1245 3662 1292 3725 ita
1319 3683 1417 3726 exca-

256 3770 356 3853 vabit,
372 3777 408 3836 ut
422 3771 585 3856 margines
599 3773 764 3838 subtiliter
774 3773 929 3858 laevigati
945 3773 1011 3858 (fig.
1021 3775 1050 3856 3,
1062 3773 1094 3856 h,
1105 3774 1137 3856 b,
1148 3771 1188 3859 ii)
1203 3775 1416 3860 promineant.

257 3882 383 3968 lapides
405 3904 477 3947 mm
498 3884 544 3948 ita
560 3883 725 3970 perfectos
745 3883 911 3950 delineare
928 3891 1063 3950 conatus
1084 3906 1155 3949 sum
1176 3886 1209 3948 in
1235 3885 1346 3950 tabula
1361 3885 1418 3950 ad-

257 3994 368 4057 iuncta
385 3995 439 4079 fig.
456 3998 485 4059 3.
521 4001 642 4081 quauta
657 4001 766 4062 autem
782 3998 946 4062 accuratio
963 3998 996 4061 in
1008 3997 1211 4082 laevigandis
1228 3999 1417 4062 examinan-

258 4104 373 4190 disque
390 4107 548 4171 lateribus
572 4107 757 4172 adhibenda
778 4109 892 4192 fuerit,
915 4110 969 4175 vel
987 4109 1109 4195 optime
1131 4108 1213 4174 inde.
1228 4130 1417 4194 cognoscas,

258 4216 344 4305 quod
363 4217 525 4304 lapicidae
548 4227 622 4283 non
638 4220 742 4284 solum
765 4221 889 4306 regulis
912 4220 1051 4306 lapideis
1074 4220 1133 4303 uti,
1157 4220 1215 4286 sed
1239 4222 1338 4286 etiam
1361 4244 1417 4287 cas

257 4331 388 4415 regulas
405 4337 589 4396 curatorum
602 4331 761 4396 arbitratu
778 4332 820 4397 ad
832 4332 978 4417 regulam
993 4354 1076 4418 quae
1091 4334 1234 4398 omnium
1249 4335 1418 4421 exemplar

257 4442 290 4507 in
315 4464 407 4507 sacro
431 4444 661 4534 asservabatur
683 4464 921 4527 recognoscere
945 4450 977 4508 et
994 4445 1157 4528 corrigere
1181 4445 1355 4510 debebant.
