3310 5254
620 1166 919 1310 commentatio
951 1171 1072 1287 prior.

831 1406 858 1473 Ι.

324 1581 370 1650 De
393 1597 530 1669 opernm
553 1578 762 1668 publicorum
785 1579 874 1668 apul
895 1577 1038 1652 Graecos
1061 1582 1363 1655 administratione.

350 1762 544 1848 Priusquam
570 1765 603 1829 in
634 1764 763 1849 singula
792 1768 968 1850 praecepta
998 1784 1080 1848 quae
1109 1765 1204 1829 titulo
1232 1765 1421 1831 Lebadensi

265 1876 471 1941 eontinentur
511 1875 700 1961 diligentius
745 1877 923 1960 inquiram,
970 1896 1107 1941 necesse
1154 1882 1205 1941 est
1247 1879 1420 1965 explicem,

265 1987 425 2074 quomodo
449 1989 548 2052 variis
579 1987 781 2075 temporibus
811 1987 896 2074 apud
920 1987 1065 2053 Graecos
1095 1989 1339 2056 aedificationes
1362 1990 1420 2056 ad·

201 2183 206 2187 ¹
264 2101 442 2165 ministrari
465 2100 580 2165 solitae
604 2101 734 2167 fuerint.
781 2121 852 2165 oum
876 2101 1105 2187 inscriptiones
1135 2109 1283 2168 servatae
1308 2124 1420 2169 omnes

265 2212 306 2276 ad
330 2234 429 2299 opera
451 2213 503 2278 vel
530 2212 662 2299 publica
689 2213 742 2277 vel
771 2235 863 2277 saera
887 2220 1052 2300 spectent,
1080 2236 1140 2301 per
1163 2236 1198 2280 se
1221 2216 1422 2301 intellegitur

264 2345 329 2389 non
352 2345 457 2410 pauca
479 2344 562 2408 quae
590 2324 817 2388 instrumentis
840 2325 962 2389 inserta
991 2332 1065 2390 sunt
1093 2348 1136 2390 ex
1163 2327 1293 2413 publico
1318 2328 1421 2394 Grae-

265 2457 376 2501 corum
391 2437 461 2501 iure
476 2436 617 2523 repetita
641 2457 722 2500 esse.
757 2457 915 2500 summam
932 2459 1008 2501 vero
1030 2437 1242 2504 formularum
1266 2445 1420 2504 ettotam

265 2549 390 2634 negotii
420 2547 556 2634 gerendi
592 2549 752 2613 rationem
780 2549 843 2613 iuri
872 2550 998 2635 priuato
1031 2551 1135 2635 magis
1166 2573 1262 2636 quam
1289 2551 1419 2638 publico

263 2662 397 2750 proprie
419 2661 523 2725 fuisse
545 2660 601 2724 vix
624 2660 783 2745 estquod
805 2682 967 2728 moneam.

349 2774 398 2838 Ac
431 2772 571 2860 primum
607 2773 738 2856 quidem
768 2773 809 2838 de
846 2774 1113 2860 inscriptionibus
1141 2775 1260 2839 Atticis
1296 2776 1419 2840 saeculi

263 2907 291 2949 a.
304 2884 379 2952 chr.
391 2907 422 2949 n.
434 2885 466 2949 V
482 2887 622 2950 extremi
637 2906 720 2969 quac
739 2884 780 2949 ad
801 2884 917 2950 aedem
932 2885 1099 2950 Minervae
1112 2886 1255 2950 Poliadis
1271 2893 1420 2972 spectant

264 2999 422 3064 disseram
432 2999 469 3081 ¹),
503 2997 638 3079 deinde,
668 3019 732 3084 que
759 2998 885 3065 ratione
916 2997 1046 3063 saeculo
1069 2998 1119 3062 IV
1148 3005 1294 3064 extremo
1319 3023 1420 3087 opera

262 3113 395 3198 publica
421 3111 560 3176 Athenis
591 3111 719 3176 elocata
747 3131 820 3176 esse
850 3111 1034 3191 videantur,
1068 3131 1244 3197 exponam,
1278 3111 1418 3198 denique

263 3224 454 3291 examinabo
477 3224 602 3309 negotii
624 3223 760 3309 gerendi
782 3224 942 3288 rationem
965 3243 1048 3308 quae
1072 3223 1147 3288 inde
1170 3246 1190 3288 a
1212 3227 1344 3290 saeculo
1365 3225 1418 3290 111

262 3339 348 3424 apud
372 3337 516 3402 Graecos
539 3336 573 3400 in
594 3357 657 3400 usu
679 3335 787 3401 fuerit.

346 3448 516 3513 Aedificiis
532 3448 597 3511 illis
614 3446 813 3527 clarissimis,
837 3447 953 3533 quibus
969 3447 1189 3512 Athenienses
1213 3447 1288 3513 inde
1312 3470 1331 3512 a
1353 3449 1417 3514 Pe-

263 3562 349 3627 riclis
367 3567 473 3626 aetate
496 3581 601 3647 usque
624 3559 664 3624 ad
687 3560 785 3623 finem
808 3559 887 3623 belli
902 3559 1175 3645 Peloponnesiaci
1190 3582 1299 3625 arcem
1322 3581 1417 3625 exor-

261 3679 435 3754 naverunt,
460 3670 686 3737 construendis
710 3670 850 3755 collegia
873 3676 1059 3734 curatorum
1082 3669 1299 3755 (ἐπιστατῶν)
1320 3649 1416 3758 prac-

261 3785 347 3851 fecta
364 3791 464 3849 erant.
495 3790 592 3868 atque
608 3784 641 3846 in
659 3781 836 3847 rationibus
857 3781 897 3847 de
914 3783 1172 3868 Propylceorum
1190 3783 1416 3850 aedificatione

261 3897 395 3962 redditis
404 3892 431 3982 ²)
462 3895 603 3980 quinque
633 3887 810 3958 ἐπιστάται
842 3901 1141 3959 commemorantur.
1189 3916 1251 3981 quo
1280 3916 1416 3961 numero

332 4111 356 4179 ¹)
370 4110 401 4164 in
418 4109 510 4163 titulis
529 4106 649 4162 cibandis
671 4108 735 4161 utar
751 4105 775 4160 si
792 4106 886 4176 placet
903 4105 1036 4171 numeris,
1059 4106 1160 4175 quibus
1175 4108 1293 4164 ndolms
1311 4109 1416 4165 Micha-

261 4196 311 4252 elis
328 4196 358 4249 in
376 4197 483 4265 sylloge
500 4211 585 4264 supra
603 4210 699 4248 comm.
712 4210 776 4246 usus
795 4193 850 4245 est:
869 4193 913 4246 tit.
929 4194 960 4246 16
970 4215 1002 4238 =
1013 4193 1080 4247 Cle.
1091 4194 1112 4247 Ι.
1126 4195 1184 4259 282,
1202 4195 1416 4251 uo.1a=crn.

260 4284 281 4336 Ι.
299 4284 359 4348 321,
377 4282 422 4337 tit.
441 4281 494 4336 lia
507 4305 539 4326 =
550 4277 639 4350 Ἆθήν.
661 4279 716 4333 vol.
738 4279 799 4332 VII.
823 4296 850 4347 p.
868 4279 931 4342 482,
958 4279 1003 4332 tit.
1023 4280 1055 4332 19
1069 4303 1102 4326 =
1119 4279 1185 4334 OIA.
1203 4281 1224 4335 I.
1242 4282 1301 4346 322,
1325 4281 1372 4335 IV.
1391 4283 1415 4336 1.

260 4369 319 4434 322,
337 4368 407 4423 Mus.
426 4367 493 4422 Brit.
512 4368 533 4420 1.
552 4366 664 4430 XXXV,
682 4363 727 4419 tit.
745 4365 780 4418 20
793 4364 902 4418 :Cla⁴
922 4365 943 4417 Ι.
960 4365 1020 4418 324.

329 4457 351 4523 ²)
370 4454 403 4508 cf.
422 4453 565 4508 Michaelis
583 4453 628 4506 tit.
647 4453 663 4505 1
681 4453 710 4504 et
727 4451 744 4504 2
762 4451 841 4519 (ein.
860 4450 880 4504 l.
900 4450 959 4516 314,
977 4451 1047 4521 315).

310 4557 432 4610 Fabricius,
447 4557 474 4599 lo
487 4556 634 4599 architectona
646 4555 736 4597 Gracco.
1245 4554 1261 4610 2
