3310 5254
663 429 872 492 ..27-

189 609 302 676 habito
323 611 521 693 diiudicant3
550 615 636 702 quod
664 617 879 684 iudicaverint
900 619 951 684 ius
971 623 1142 703 ratumque
1160 639 1234 684 esse
1250 639 1345 706 prae·

192 723 355 810 cipitut1).

277 835 311 901 si
327 837 414 922 quod
426 859 508 924 opus
524 839 710 927 redemptor
725 841 907 927 perfectum
924 863 998 908 esse
1014 841 1184 924 nuntiarit,
1200 841 1234 906 id
1252 861 1345 906 aura-

189 954 278 1014 tores
302 955 449 1036 tempore
473 959 562 1017 certo
579 955 766 1019 examinare
790 960 824 1020 et
845 954 986 1041 probare
1002 955 1172 1042 debent2).
1206 955 1347 1041 pretium

190 1082 254 1147 quo
284 1083 366 1149 opus
395 1063 578 1129 faciendum
608 1065 794 1152 redemptor
821 1066 929 1130 licitus
956 1073 1008 1132 est
1044 1067 1246 1153 temporibus
1269 1087 1346 1130 aon-

191 1174 314 1244 stitutis
337 1174 371 1238 in
394 1181 601 1241 antecessum
624 1177 796 1260 solvuntl),
827 1176 955 1242 decima
976 1183 1069 1264 parte
1098 1179 1246 1244 cautelae
1275 1179 1347 1243 loco

191 1292 334 1352 retenta:
363 1307 446 1373 quae
469 1287 609 1374 pecunia
631 1289 763 1354 residua
789 1311 890 1376 opere
920 1290 1038 1356 effecto
1065 1291 1267 1377 probatoque
1294 1313 1347 1356 re-

191 1397 354 1485 demptori
384 1397 564 1483 traditur4).
615 1421 678 1485 quo
706 1402 830 1466 rectius
860 1403 1021 1488 pecuniae
1051 1403 1228 1490 pensiones
1258 1403 1348 1484 fiant,

191 1515 282 1576 certa
310 1511 414 1574 multa
440 1511 647 1576 constituitur
681 1532 777 1597 quam
808 1519 975 1580 curatores
997 1506 1197 1604 ὑπερήμεροι
1220 1517 1348 1582 solvere

193 1623 337 1688 debeant
345 1620 384 1708 ⁵).

277 1735 472 1820 Ubicunque
505 1735 539 1799 in
571 1735 675 1800 titulis
708 1734 750 1800 de
782 1736 880 1802 rebus
916 1737 958 1802 ed
987 1744 1090 1804 artem
1126 1739 1349 1826 spectantibus

193 1850 315 1934 agitur,
343 1847 542 1913 architectus
565 1839 600 1929 (ὃ
622 1839 831 1935 ἀρχιτέκτων)
862 1849 930 1914 sive
960 1851 1049 1915 solus
1081 1851 1150 1916 sive
1182 1872 1248 1916 una
1276 1872 1350 1917 cum

197 1960 400 2026 curatoribus
417 1980 552 2044 quorum
568 1960 706 2045 collegio
723 1959 896 2026 adiunctus
917 1968 968 2026 est
990 1965 1238 2030 commemorari
1254 1964 1348 2029 solet.

194 2074 227 2138 id
242 2074 385 2139 maxime
401 2074 438 2138 fit
458 2080 495 2138 ut
516 2093 576 2159 par
597 2079 648 2138 est
669 2073 703 2137 in
725 2074 911 2160 praeceptis
935 2074 975 2140 de
999 2096 1136 2161 operum
1159 2076 1350 2164 probatione

193 2184 431 2272 compositis0).
476 2205 582 2271 neque
610 2205 683 2250 raro
707 2206 779 2250 cum
805 2207 886 2272 opus
916 2186 1048 2251 difficile
1072 2189 1126 2254 vel
1147 2189 1258 2274 magni
1280 2208 1350 2252 mo-

193 2298 295 2363 menti
318 2297 526 2378 construitur,
549 2297 747 2362 architectus
770 2297 888 2363 adesse
912 2299 1087 2386 iubetur').
1123 2301 1157 2364 in
1174 2301 1353 2386 Tegeatica

193 2412 268 2496 lege
295 2409 457 2476 locatores
484 2430 555 2474 aum
584 2409 770 2474 architectis
798 2431 863 2475 uno
890 2411 1022 2478 nomine
1054 2407 1086 2477 οὶ
1116 2404 1352 2497 ἐπιμελόμενοι

194 2523 354 2610 appellari
369 2521 522 2588 videntur
531 2523 567 2604 ⁸),
591 2522 686 2588 sicuti
708 2522 743 2586 in
767 2529 899 2589 senatus
924 2530 957 2589 et
971 2525 1084 2612 populi
1098 2524 1351 2591 Atheniensium

194 2636 327 2702 decreto
356 2635 397 2702 de
424 2633 609 2701 reficiendis
638 2633 847 2699 munimentis
874 2633 1075 2700 Athenarum
1104 2636 1301 2702 architectus
1330 2657 1350 2700 a

266 2819 717 2891 autumabamus

267 2909 288 2973 ²)
307 2906 331 2960 D
348 2925 374 2961 v.
394 2906 508 2970 19-22;
527 2905 560 2960 cf.
579 2906 601 2960 L
619 2925 644 2962 v.
664 2907 715 2961 160
732 2925 772 2976 sq.

266 2993 604 3063 ⁸)a510,§1o,1)v.
625 2995 734 3050 12-16.

266 3083 287 3146 4)
306 3079 328 3133 L
345 3097 371 3134 v.
389 3080 499 3144 594⁷,
517 3079 541 3133 D
559 3097 585 3135 v.
603 3079 714 3136 14-16.

269 3167 290 3236 ⁸)
308 3166 332 3220 D
350 3184 376 3220 v.
396 3166 505 3230 16-17,
524 3166 557 3220 cf.
576 3167 657 3220 Plato
674 3167 729 3236 leg.
747 3185 774 3237 p.
793 3166 843 3220 921
862 3164 951 3222 B—D.

268 3254 289 3323 ο)
307 3252 331 3306 D
348 3270 374 3306 v.
393 3251 504 3315 19-22‚
522 3250 544 3304 L
562 3270 587 3306 v.
606 3252 647 3316 53,
667 3252 795 3314 160-61,
812 3250 836 3306 D
853 3251 871 3306 2
888 3270 914 3307 v.
932 3252 949 3306 4
967 3269 1006 3322 sq.

269 3341 291 3407 ἵ)
309 3339 331 3393 L
348 3355 374 3394 v.
393 3338 537 3403 reo-131,
556 3339 614 3393 152.

268 3426 289 3495 1)
307 3444 333 3480 v.
344 3426 391 3490 ln
410 3425 528 3480 obintrat
545 3426 582 3479 ad
594 3425 615 3478 L
629 3425 674 3490 §4
692 3442 763 3495 quae
781 3425 938 3496 disputabo.
964 3425 1084 3481 Foucart
1101 3425 1132 3480 in
1144 3425 1243 3495 explic.
1261 3423 1298 3478 ad
1309 3422 1354 3478 tit.

197 3512 296 3568 Arcad
321 3512 392 3567 3400
421 3513 484 3572 roric
512 3513 723 3584 ἐπιμελομένους
748 3511 819 3583 legis
851 3512 1017 3582 Tegeaticus
1049 3529 1111 3567 cnm
1142 3509 1355 3567 Atheniensium

198 3616 313 3670 operum
335 3598 510 3668 publicorum
533 3598 706 3654 curatoribus
729 3598 909 3668 comparavit.
945 3598 1098 3652 cavendum
1122 3599 1217 3653 autern
1243 3598 1293 3662 est,
1319 3613 1355 3650 ne

197 3684 259 3744 τούς
276 3683 488 3755 ἐπιμελομένοις
509 3687 664 3746 ‚curatores
690 3701 707 3738 a
723 3683 892 3738 locatoribus
910 3700 1036 3753 perverse
1055 3683 1267 3754 distinguamus.
1290 3700 1356 3737 nam

198 3790 260 3827 cum
282 3788 316 3826 ex
339 3769 531 3824 instrumentis
558 3769 656 3824 ceteris
683 3771 744 3824 tum
766 3786 799 3824 ex
821 3768 872 3823 illa
897 3769 961 3840 lege
982 3768 1051 3823 satis
1076 3771 1194 3840 apparet
1220 3769 1355 3824 locatores

199 3855 364 3927 Tegeaticos
375 3872 433 3910 non
450 3855 539 3910 solum
557 3871 641 3925 opera
659 3855 786 3921 elocasse,
804 3855 852 3909 sed
870 3855 955 3909 etiam
974 3856 1132 3910 curatomm
1147 3872 1261 3910 munere
1273 3855 1356 3910 sicuti

199 3942 345 4003 ἐπιστάτας
370 3942 554 3997 Athenienses
581 3944 610 3996 et
640 3940 747 4008 Delios,
774 3941 920 4001 ναοποιούς
949 3939 1122 3996 Lebadenses
1152 3941 1263 3996 functos
1290 3957 1356 3996 esse.

199 4030 317 4101 collegio
339 4030 434 4084 autem
460 4029 614 4084 locatorum
634 4027 759 4082 homines
781 4027 850 4082 artis
878 4045 930 4082 usu
953 4028 1066 4098 peritos,
1092 4027 1258 4084 architectos
1286 4027 1356 4094 dico,

201 4118 310 4188 Tegeae
329 4131 439 4184 quoque
457 4114 604 4169 adiunctos
621 4113 705 4168 fuisse
723 4114 940 4168 consentaneum
958 4115 1008 4169 est.
1043 4129 1089 4168 eos
1103 4130 1170 4168 cum
1187 4113 1356 4169 lecatoribus

199 4223 255 4261 uno
273 4204 386 4259 nomine
403 4202 466 4262 acar
482 4202 694 4273 ἐπιμελομένοις
711 4199 881 4271 significatos
898 4202 1047 4272 propterea
1063 4199 1221 4271 putaverim
1243 4201 1303 4255 loco
1322 4200 1357 4254 de

199 4309 254 4360 quo
273 4290 383 4361 agimus
408 4287 626 4353 commemorari,
652 4286 727 4356 quod
749 4286 773 4341 is
795 4286 871 4341 locus
894 4304 951 4341 non
974 4288 1033 4341 tam
1056 4287 1166 4356 spectat
1188 4285 1224 4340 ad
1242 4285 1357 4356 negotia

199 4376 423 4432 administranda
448 4392 531 4445 quam
554 4375 590 4428 ad
611 4373 701 4445 operis
725 4373 812 4443 ipsius
836 4372 991 4428 custodiam
1013 4389 1085 4441 quae
1106 4371 1267 4427 hominibus
1289 4372 1357 4426 artis

202 4463 422 4537 imperitioribus
434 4463 530 4534 quales
547 4463 683 4519 locatores
700 4461 785 4518 fuisse
797 4477 879 4536 saepe
890 4459 1022 4520 videatur
1037 4458 1175 4522 committi
1187 4477 1244 4520 non
1255 4458 1357 4537 potuit.
