3310 5254
744 460 958 521 -14-

276 644 354 729 quin
375 645 477 708 nimia
497 665 594 730 quarn
616 651 732 710 auctor
752 644 794 710 ad
821 665 922 732 opera
948 641 1166 710 describenda
1187 642 1343 708 adhibuit
1369 639 1453 704 dili-

276 757 390 842 gentia
411 757 637 844 obstupescat,
667 759 746 842 quin
767 759 838 822 iure
861 765 1014 844 quaerat,
1043 756 1205 842 quomodo
1234 755 1368 820 lactum
1395 753 1454 834 sit,

276 875 313 932 ut
336 869 597 956 simplicissimae
617 877 802 936 structurae
824 877 916 936 tanto
932 870 1106 937 verborum
1129 867 1293 956 impendio
1309 865 1454 932 descri-

276 981 443 1046 berentur.
494 987 593 1068 atque
622 1004 657 1048 re
685 1003 764 1048 rara
789 987 922 1070 praeter
948 983 1081 1048 titulum
1108 981 1255 1047 Atticum
1285 980 1328 1046 de
1367 977 1455 1044 refi-

277 1093 401 1159 ciendis
416 1095 626 1160 munimcntis
640 1094 845 1160 Athenarum
869 1095 1025 1182 scriptum
1041 1095 1166 1160 nullm
1182 1101 1234 1159 est
1248 1089 1456 1158 huiusmodi

277 1206 449 1272 locationis
473 1208 675 1294 exemplum,
706 1207 793 1294 quod
815 1215 891 1295 apte
921 1229 995 1272 cum
1017 1208 1113 1273 titulo
1134 1205 1322 1272 Lebadensi
1348 1225 1454 1270 oom-

277 1320 387 1404 parari
409 1320 532 1405 possit,
561 1340 670 1406 neque
697 1321 755 1385 illa
784 1339 921 1407 operum
949 1319 1127 1407 descriptio
1149 1320 1183 1384 in
1204 1319 1301 1384 titulo
1323 1317 1454 1382 Attico

276 1430 318 1496 ad
333 1451 455 1518 paucos
476 1431 604 1518 lapides
628 1432 825 1519 sculpendos
849 1439 986 1520 spectat,
1010 1431 1069 1498 sed
1091 1431 1133 1496 ad
1155 1437 1335 1497 structuras
1361 1449 1452 1517 per-

277 1564 414 1629 megnas
437 1549 471 1610 et
492 1545 574 1610 satis
597 1544 759 1611 difficiles.
802 1545 981 1611 verisimile
1004 1551 1115 1610 autem
1137 1551 1199 1626 est,
1222 1544 1452 1610 architectum

277 1653 506 1722 Lebadensem
529 1657 585 1742 qui
607 1657 780 1722 locationis
802 1657 895 1744 leges
918 1658 1101 1745 composuit
1114 1657 1301 1722 Atticorum
1323 1661 1452 1721 aucto-

277 1767 408 1834 ritatem
430 1775 464 1834 et
484 1791 581 1834 usum
596 1775 745 1836 secutum
767 1791 852 1836 esse.
889 1770 1022 1835 nimiam
1045 1770 1132 1835 enim
1154 1769 1240 1835 banc
1262 1770 1296 1834 in
1310 1767 1448 1835 descri-

277 1879 393 1945 bendis
410 1881 580 1946 structuris
597 1883 842 1947 accurationem
857 1881 1019 1968 quomodo
1041 1882 1138 1947 facile
1155 1881 1349 1969 explicabis,
1373 1876 1450 1946 nisi

278 1991 408 2058 inanem
423 1993 586 2079 quandam
606 1993 839 2060 abundantiam
862 2001 1066 2082 procreatam
1089 2015 1164 2060 esse
1188 1996 1342 2060 subieris
1366 1995 1447 2059 diu·

279 2109 376 2169 turne
398 2106 480 2171 artis
504 2107 756 2189 exercitatione,
787 2107 894 2192 qualis
916 2128 938 2171 a
956 2101 1091 2171 Boeotis
1114 2107 1223 2171 aliena
1244 2112 1305 2172 est.
1352 2105 1450 2191 quod

280 2216 308 2280 si
330 2218 551 2304 reputaveris,
575 2219 819 2306 inscriptionem
842 2219 922 2284 satis
943 2220 1069 2284 recenti
1092 2225 1201 2284 aetate
1223 2220 1449 2306 compositam

282 2349 356 2394 ease
380 2329 543 2397 censebis.
589 2351 672 2416 quae
695 2351 749 2396 res
773 2331 872 2396 ctiam
899 2331 973 2396 aliia
996 2331 1197 2416 argumentis
1220 2331 1449 2397 confirmatur.

279 2441 462 2506 litterarum
491 2442 578 2506 enim
606 2441 728 2507 formas
757 2442 966 2509 Cumanudes
996 2445 1068 2508 eius
1094 2443 1262 2510 Romanae
1292 2425 1449 2510 donuina-

279 2552 378 2618 ticnis
394 2554 511 2619 aetatis
534 2575 619 2642 quae
635 2549 746 2621 aeram
762 2554 983 2621 Christianam
996 2556 1171 2638 antecedit,
1194 2557 1343 2644 proprias
1365 2574 1448 2622 ease

280 2665 448 2732 adnotavit
456 2667 491 2750 1).
526 2667 665 2734 eandem
684 2675 838 2750 aetatem,
861 2669 993 2734 saecula
1015 2668 1088 2734 dico
1104 2689 1133 2734 a.
1151 2668 1225 2739 Chr.
1245 2689 1276 2736 n.
1300 2671 1446 2734 alterum

281 2785 315 2843 at
335 2778 490 2864 primum,
521 2800 595 2845 oum
622 2782 855 2846 vocabulorum
887 2801 971 2868 quae
993 2782 1027 2846 in
1053 2782 1149 2847 titulo
1178 2787 1336 2869 usurpata
1365 2789 1446 2847 sunt

281 2889 430 2956 fictiones
455 2897 489 2956 at
518 2891 677 2958 sermonis
700 2894 919 2980 proprietates
941 2892 1137 2980 indicentl),
1165 2900 1235 2959 tum
1262 2895 1365 2960 totius
1387 2895 1441 2958 in-

282 3001 469 3088 scriptionis
505 3003 638 3068 habitus
667 3011 818 3070 testatur.
871 3005 1094 3092 quaerendum
1122 3011 1233 3072 autem
1262 3013 1332 3086 est,
1362 3024 1442 3072 num

282 3133 345 3199 quc
367 3120 515 3200 tempore
544 3114 659 3181 titulus
682 3117 823 3204 scriptus
853 3137 928 3183 asae
949 3117 1102 3184 videatur
1130 3119 1229 3205 paulo
1252 3119 1439 3184 accuratius

282 3224 411 3290 definiri
439 3227 556 3312 possit
607 3227 635 3291 si
663 3248 716 3292 res
746 3228 781 3291 in
808 3228 949 3294 Boeotia
977 3229 1053 3296 inde
1082 3252 1104 3296 a
1129 3232 1227 3296 tertio
1255 3249 1284 3298 a.
1308 3230 1384 3296 chr.
1407 3247 1440 3294 u.

282 3338 413 3403 saeculo
452 3343 563 3423 gestas
602 3339 871 3425 perlustraveris,
911 3339 1108 3408 deteriorem
1148 3345 1292 3409 omnium
1331 3359 1439 3410 rerum

283 3455 403 3514 statum
426 3471 522 3535 quam
545 3471 608 3536 quo
631 3450 832 3516 Boeotorum
855 3460 890 3518 et
910 3475 963 3519 res
985 3455 1117 3542 publica
1139 3462 1173 3521 ct
1194 3455 1340 3543 privatae
1362 3476 1439 3522 con*-

282 3561 429 3628 diciones
449 3569 519 3628 tum
540 3563 663 3629 luerint
683 3564 763 3649 fingi
785 3585 884 3651 posse
899 3567 1035 3652 negabis
1044 3566 1083 3654 ³).
1117 3584 1254 3655 cumque
1272 3589 1314 3635 ex
1329 3570 1439 3634 multis

282 3681 430 3740 veterum
460 3675 658 3741 testimoniis
693 3682 822 3741 constet
861 3677 965 3743 fuisse
1004 3677 1068 3744 hoo
1099 3680 1266 3767 proprium
1297 3681 1440 3748 foederis

281 3785 412 3852 Boeotii
436 3792 584 3852 extrema
606 3787 655 3853 rei
676 3789 877 3854 nummariae
901 3787 1094 3857 difficultate
1116 3793 1282 3876 laborare,
1305 3795 1440 3880 cogitari

354 4037 375 4103 ¹)
394 4034 427 4089 cf.
447 4050 519 4103 quae
537 4051 570 4090 ex
587 4035 757 4091 Onmanudis
774 4038 1004 4095 adnotationibus
1021 4041 1119 4096 rettuli
1137 4057 1220 4113 supra
1238 4061 1265 4114 p.
1283 4045 1308 4098 5.

354 4137 376 4206 ¹)
395 4153 417 4191 e.
436 4155 462 4207 g.
481 4137 566 4191 verba
582 4139 762 4209 μιλτολογεῖν,
780 4143 1019 4213 τριμματολογεῖν,
1038 4143 1095 4198 alia
1117 4143 1269 4200 insolenter
1286 4147 1439 4218 composita

283 4239 355 4294 qnae
385 4222 416 4277 in
448 4225 529 4292 parte
559 4224 711 4294 posteriore
735 4227 876 4296 leguntur
909 4229 1089 4285 recentiorem
1123 4230 1202 4285 tituli
1235 4231 1372 4303 originem
1401 4236 1440 4288 te-

283 4311 360 4365 stant
395 4349 402 4364 .

354 4405 376 4474 ⁸)
395 4404 428 4459 cf.
439 4403 536 4473 Polyb.
549 4403 609 4470 XX,
627 4404 693 4470 6,1,
714 4423 783 4475 sqq,
800 4407 966 4478 Hertzberg,
984 4408 1080 4463 Gesch.
1098 4408 1253 4467 Griechenl.
1271 4415 1332 4468 unt.
1346 4413 1372 4469 d.
1386 4414 1440 4468 Rc-

283 4507 361 4545 mern
379 4491 392 4544 l
411 4509 437 4560 p.
457 4489 508 4544 104
525 4509 574 4559 sq,
592 4510 617 4545 v.
637 4490 825 4547 Wilamowitz
843 4493 873 4547 in
890 4494 1008 4548 Hermae
1026 4494 1080 4549 vol.
1099 4495 1165 4550 Vffl
1183 4513 1210 4566 p.
1228 4495 1280 4553 434
1299 4517 1360 4569 sqq.

1628 652 1630 734 l
