3310 5254
763 453 977 515 -48-

294 660 377 725 quae
401 662 475 706 eum
497 642 544 705 ita
567 641 642 722 sint,
665 661 801 705 coronas
825 641 915 704 ansis
933 637 1084 723 (δέμασι)
1106 633 1191 704 κατὰ
1214 629 1359 725 κεφαλήν
1381 635 1403 700 i.
1425 655 1452 698 e.

293 752 327 816 in
344 752 517 840 superficie
538 753 671 818 insertis
687 753 773 817 inter
796 774 831 817 se
855 753 1037 838 conligatae
1061 774 1134 816 cum
1149 750 1269 816 tabulis
1287 747 1452 827 subiectis,

295 864 411 930 eadem
438 867 566 931 ratione
596 866 683 929 inter
714 886 749 929 se
772 865 901 945 vinctis,
932 865 1073 929 clavium
1097 857 1393 966 (ydppcwiantea
1421 860 1454 922 in

294 976 423 1042 tabulas
447 976 663 1042 demissarum
687 996 749 1063 ope
773 981 1020 1062 coagmentatus
1043 975 1146 1040 luisse
1168 981 1259 1062 puto.

857 1531 904 1596 ΙΙ.

383 1718 632 1810 operumque
655 1721 692 1790 ln
718 1719 813 1790 tltull
835 1716 1041 1790 lebedensis
1064 1717 1162 1805 parte
1184 1714 1371 1804 posteriore

650 1831 890 1903 describuntur
911 1828 1106 1918 explicatio.

384 2019 648 2106 Praescriptione
672 2019 715 2104 (r.
732 2017 875 2105 89-92)
899 2041 981 2105 quae
1006 2025 1040 2084 et
1061 2019 1134 2105 ipsa
1149 2018 1255 2083 forma
1270 2016 1460 2102 agnoscitur

300 2136 333 2195 et
356 2151 376 2194 a
397 2132 582 2217 praeceptis
606 2132 817 2218 sequentibus
843 2133 948 2218 spatio
973 2153 1033 2196 sex
1055 2130 1125 2195 fere
1148 2131 1332 2196 litterarum
1353 2150 1460 2194 vacuo

299 2242 488 2307 intermisso
512 2250 664 2329 separata
687 2250 737 2309 est
760 2265 860 2330 opera
884 2243 1035 2308 facienda
1057 2243 1203 2307 breviter
1218 2241 1354 2306 definita
1369 2246 1460 2304 sunt:

299 2348 578 2440 καταστρωτήρων
605 2350 741 2441 ἐργασία
769 2353 826 2419 καὶ
854 2349 1018 2433 σύνθεσις.
1062 2353 1189 2441 lapides
1213 2354 1313 2438 igitur
1342 2353 1462 2438 quihus

301 2466 491 2552 compositis
518 2467 741 2552 pavimentum
772 2467 934 2532 efficiatur
962 2466 1125 2552 'quomodo
1155 2472 1188 2532 et
1211 2464 1404 2530 conficiendi
1428 2471 1463 2530 et

301 2578 519 2664 componendi
556 2579 621 2643 sint
656 2579 689 2642 in
723 2579 934 2665 sequentibus
974 2578 1181 2644 describitur.
1236 2577 1277 2642 ad
1315 2577 1463 2664 lapidum

300 2685 455 2775 ἐργασίαν
478 2697 629 2776 spectant
652 2691 849 2777 paragraphi
872 2695 901 2774 2,
919 2694 948 2774 3,
966 2695 995 2774 9,
1020 2691 1060 2756 ad
1085 2686 1240 2757 σύνθεσιν
1261 2668 1464 2778 paragraphi

302 2805 331 2878 6,
352 2805 469 2883 10,13,
492 2803 697 2889 paragrapho
716 2807 730 2865 1
758 2824 858 2889 opera
879 2805 976 2890 paulo
999 2805 1183 2869 accuratius
1207 2825 1304 2888 quam
1319 2804 1359 2867 iis
1377 2824 1462 2888 quae

301 2915 506 3000 praescripta
527 2922 602 2979 sunt
624 2915 832 2996 definiuntur,
856 2916 1070 3003 paragraphis
1088 2920 1108 2979 4
1125 2922 1158 2980 et
1174 2920 1192 2978 5
1209 2917 1316 3001 agitur
1332 2915 1372 2980 de
1386 2937 1461 3002 per-

301 3025 449 3091 ficiendis
474 3025 667 3110 quibusdam
699 3027 870 3092 structuris
893 3027 1061 3092 veteribus
1091 3027 1207 3112 quibus
1230 3026 1356 3114 lapides
1385 3028 1471 3100 novi,

303 3143 586 3223 coagmentantur‚
617 3138 758 3224 denique
788 3139 1003 3225 paragraphis
1033 3142 1061 3222 7,
1085 3142 1115 3221 8,
1142 3143 1190 3220 11,
1216 3142 1255 3203 12
1284 3145 1463 3226 praecepta

303 3251 510 3316 continentur
538 3252 694 3336 pleraque
724 3252 757 3314 ni
779 3251 876 3316 fallor
907 3273 949 3317 ex
981 3252 1056 3337 lege
1086 3253 1250 3317 communi
1279 3273 1361 3338 quae
1383 3275 1462 3317 νασ-

303 3358 424 3442 notate
435 3358 534 3447 νόμος
549 3365 732 3450 appellatur
740 3365 766 3448 ²)
780 3366 938 3429 translata
949 3364 1065 3450 quibus
1078 3367 1235 3430 nonnulla
1246 3366 1462 3451 redemptoris

303 3475 411 3541 officia
433 3476 642 3541 definiuntur.

389 3588 570 3674 Lapidibus
609 3593 739 3673 tegetur
775 3589 878 3654 cellae
910 3589 1063 3653 circuitus
1100 3581 1135 3678 (ἡ
1171 3583 1233 3670 ἔξω
1267 3584 1464 3676 περίστασις

304 3703 364 3767 τοῦ
379 3703 495 3789 σηκοῦ)
519 3703 540 3765 i.
558 3723 585 3767 e.
611 3723 650 3765 ea
674 3701 856 3786 stylobatae
879 3722 955 3787 pars
979 3722 1062 3786 quae
1085 3703 1171 3766 inter
1192 3703 1299 3767 locum
1323 3724 1386 3788 quo
1409 3723 1464 3767 oo-

305 3815 435 3880 lumnae
453 3815 693 3879 constituuntur
712 3816 777 3899 lig.
798 3819 811 3877 1
832 3815 878 3896 ss)
901 3819 934 3878 et
952 3814 1055 3878 cellae
1071 3815 1230 3900 parietem
1246 3813 1302 3900 (ll)
1319 3817 1465 3879 interest.

306 3927 362 4011 qui
386 3927 540 3990 circuitus
572 3948 637 3990 non
668 3933 757 3990 totus
785 3923 949 4011 lapidibus
975 3930 1122 4009 tegetur,
1151 3927 1249 3991 immo
1278 3928 1370 3992 locus
1402 3948 1465 4012 quo

305 4037 432 4123 lapides
455 4044 618 4124 ponantur
641 4039 823 4103 accuratius
847 4037 1040 4121 designatur
1062 4058 1091 4100 v.
1116 4041 1157 4101 95
1180 4038 1309 4103 verbis:
1331 4037 1396 4103 τῶν
1419 4034 1467 4116 εἰς

305 4143 365 4236 τὴν
388 4142 516 4234 μακρὰν
530 4143 674 4234 πλευρὰν
688 4150 747 4214 τοῦ
760 4144 868 4214 τόπου
890 4147 949 4212 τοῦ
968 4141 1052 4234 πρὸς
1067 4145 1273 4235 μεσημβρίαν
1288 4147 1480 4235 βλέποντος

306 4254 584 4348 καταστρωτήρων
606 4260 625 4323 i.
650 4282 679 4324 e.
702 4260 736 4324 in
759 4261 858 4345 longo
882 4258 1023 4324 aedificii
1045 4261 1148 4324 latere
1172 4261 1364 4328 meridiano.

379 4477 399 4541 ¹)
419 4474 451 4529 cf.
470 4474 505 4527 ad
524 4473 541 4540 ἓ
560 4475 576 4525 5
595 4489 666 4541 quae
684 4473 800 4526 disserui
820 4489 904 4540 supra
922 4490 948 4540 p.
967 4475 1000 4527 36
1020 4493 1059 4542 sq.
