3310 5254
677 434 934 562 -31-·

203 639 268 710 qua
295 621 436 712 pretium
464 623 676 692 constitutum
708 627 818 713 operis
842 626 948 692 denuc
971 624 1070 694 locati
1082 628 1107 713 ¹)
1132 623 1239 714 pretio
1264 643 1361 715 supe·

203 742 293 801 ratur
308 731 365 819 (τὸ,
377 729 633 826 όπερεόριμαβ)
657 745 691 804 et
712 739 840 804 solvere
865 740 984 804 multas
1002 739 1030 804 si
1049 761 1131 826 quas
1150 740 1182 806 ei
1196 741 1361 826 irrogatae

203 849 359 936 essent3).
393 870 431 914 ee
452 851 559 914 omnia
579 852 726 934 cciyaato
747 855 905 916 αιναίοιιε
924 873 946 916 ιι
967 850 1155 933 redemptore
1177 857 1206 918 ei
1226 873 1248 918 α
1264 875 1361 934 proc·

202 963 310 1028 ditas:
340 962 423 1044 qaod
450 963 706 1046 siaeqaiocriat,
728 983 833 1028 eorum
854 964 984 1028 aomina
1005 965 1041 1028 ia
1062 964 1234 1030 debitorum
1255 966 1361 1030 albam

201 1073 319 1155 referre
333 1074 492 1140 debebant.
527 1077 636 1161 itaque
653 1074 893 1162 paragraphum
909 1076 1046 1163 primam
1059 1077 1105 1142 sic
1120 1077 1189 1143 fere
1206 1079 1360 1165 scriptam

202 1186 306 1252 fuisse
330 1189 474 1275 exempli
496 1190 602 1274 gratia
629 1210 788 1276 propono:
824 1180 884 1255 ἐὰν
906 1185 996 1255 δέτι
1019 1183 1065 1277 μὴ
1095 1181 1270 1278 ἐπιτελέση
1295 1192 1360 1256 τῶν

202 1294 302 1385 ἔργων
329 1298 374 1384 (D
397 1322 427 1364 v.
450 1305 481 1378 4,
510 1299 541 1363 D
566 1303 586 1364 2
609 1322 638 1366 v.
661 1301 706 1384 6),
736 1297 793 1364 καὶ
823 1301 920 1366 τοῦτο
951 1292 1196 1386 ἐπεγόιόσουσιν
1224 1297 1255 1368 oi
1282 1326 1360 1368 ναο-

201 1406 300 1478 ποιοέ
312 1411 352 1496 (L
364 1433 394 1479 v.
408 1411 474 1497 38).
512 1407 550 1478 τὸ
566 1405 598 1477 6²
617 1404 801 1501 ἀργύριον-ὁ
818 1405 858 1477 ἐν
872 1407 1014 1500 εἰληφὼς
1029 1408 1166 1502 τομχόνη
1190 1411 1232 1500 (Τ
1245 1435 1276 1478 v.
1294 1408 1358 1501 13),

246 1545 276 1589 r.
302 1527 330 1588 1.
352 1520 410 1588 ναὶ
434 1515 562 1590 ὁπόσου
584 1517 625 1588 ἐν
652 1516 818 1613 ἐρμωνηση
841 1519 974 1589 πάντων
994 1525 1059 1590 τῶν
1080 1519 1197 1613 appar
1217 1521 1255 1593 τὸ
1278 1519 1360 1593 ἐπί-

511 1661 667 1722 πεμπτον
689 1630 872 1704 ἀποτεισά-

244 1771 275 1814 v.
299 1752 329 1817 2.
350 1774 397 1815 τοι
432 1743 450 1816 ὁ
488 1742 638 1838 ἐρμώνης.
691 1750 797 1817 ταῦτα
830 1749 867 1818 δέ
897 1749 969 1840 κ]αὶ
999 1747 1038 1819 τὸ
1073 1745 1275 1840 όπερεόριμα
1301 1752 1359 1820 καὶ

512 1857 569 1928 ἐόν
590 1887 624 1929 τι
646 1855 725 1929 dato

244 1997 275 2040 v.
301 1976 330 2039 3.
353 1965 503 2060 ἀργύριον
525 1966 566 2040 ἐκ
586 1973 665 2063 vaip
687 1967 868 2059 ἐπιτιμίων
889 1975 1104 2065 προςγένηιαι
1126 1970 1225 2066 abaci,
1249 1972 1358 2044 ἅπαν-

245 2109 277 2152 v.
299 2092 330 2154 4.
353 2109 396 2151 τα
417 2080 626 2174 πρό[ξοοσιν)
651 2082 684 2153 οἱ
705 2084 863 2154 ναοποιοί
885 2127 902 2137 -
917 2127 934 2137 -

289 2199 389 2265 rerba
412 2204 560 2264 extrema
582 2199 626 2286 (v.
640 2198 674 2286 5)
697 2194 745 2278 εἰς
765 2194 804 2266 τὸ
826 2195 977 2285 aesopo
996 2193 1257 2290 a’ayodurovcw‘)
1282 2203 1358 2289 quid

202 2312 267 2378 sibi
288 2312 402 2393 velint,
424 2311 605 2399 perspicies
629 2333 671 2376 cx
693 2333 757 2377 usu
771 2311 882 2378 Attico
906 2313 946 2379 de
970 2335 1034 2400 quo
1058 2322 1146 2380 certo
1163 2322 1292 2381 constat
1315 2337 1358 2381 ex

200 2424 323 2510 Lysiae
357 2424 502 2488 oratione
539 2444 625 2488 nona
651 2423 671 2502 ξ
694 2425 727 2487 6;
764 2415 981 2510 ἐπιβαλόντες
1007 2423 1044 2490 δὲ
1071 2420 1109 2492 τὸ
1138 2419 1288 2514 ἀργύριον
1309 2424 1358 2511 (oi

200 2531 284 2620 μετὰ
315 2532 536 2622 Κτησικλέους
564 2535 624 2602 τοῦ
659 2527 825 2622 όρχοντος)
860 2532 1060 2623 πράξασθαι
1089 2536 1149 2622 μὲν
1186 2533 1245 2606 οὐκ
1280 2537 1359 2606 ἐπε-

200 2644 361 2735 χείρησαν,
392 2642 541 2735 ἐξιούσης
568 2645 605 2714 δὲ
629 2647 689 2735 τῆς
710 2645 811 2735 α’ρχης
835 2643 1019 2736 γράψαντες
1041 2645 1089 2728 εἰς
1114 2645 1265 2735 λεόιωμα
1287 2655 1358 2731 τοῖς

201 2818 344 2889 (comicus)
358 2815 420 2874 ἀντὶ
432 2818 519 2872 ἁπλοῦ
529 2821 579 2872 τοῦ
589 2819 722 2890 πέμπτον.
749 2813 944 2889 Ἀριστοφάνης
955 2821 1010 2874 κτλ.
1022 2849 1056 2860 -
1069 2839 1094 2876 v.
1109 2823 1122 2876 l
1137 2816 1288 2893 ἆποτείτ[ει
1300 2823 1358 2878 sive

202 2901 385 2975 όποτεισό]τω
407 2904 611 2960 restituendum
629 2905 679 2959 cst.
713 2903 750 2957 ad
773 2902 890 2958 formam
910 2905 985 2974 quod
1006 2906 1111 2961 attinet
1133 2907 1167 2962 ci.
1189 2908 1304 2975 Abram,
1323 2909 1358 2964 de

202 2992 267 3048 dial.
281 2993 338 3048 dor.
357 3012 385 3064 p.
399 2993 457 3058 184,
475 2991 595 3063 Sauppe,
614 2992 648 3046 de
665 2991 758 3046 titulis
776 2991 933 3062 Tegeaticus
952 2992 1021 3060 (Ind.
1040 2993 1104 3050 lect.
1122 2994 1197 3050 Gott.
1211 2995 1356 3066 lars-rr)

201 3099 229 3150 p.
247 3081 264 3134 9
283 3099 323 3150 sq.

273 3170 293 3234 ¹)
312 3167 345 3222 cf.
363 3168 379 3235 ᾗ
398 3168 414 3221 6
432 3168 462 3220 et
478 3184 504 3220 v.
522 3167 556 3220 37
574 3183 622 3235 sq„
640 3165 673 3221 D.
690 3183 717 3221 v.
734 3165 760 3220 4.

272 3256 294 3322 ¹)
312 3253 348 3307 ro*
364 3253 578 3327 όπιρεόρεμα
596 3257 633 3319 (v.
650 3254 688 3322 2).
723 3251 858 3324 εόρὶσιιειν
879 3252 995 3308 verbum
1017 3269 1072 3323 quo
1094 3270 1176 3309 sensu
1198 3254 1358 3310 adhibuerit

200 3339 280 3394 tituli
290 3341 387 3394 auctor
399 3340 554 3410 perspicere
564 3339 674 3394 licetex
692 3357 718 3396 v.
728 3341 755 3394 λε
774 3337 816 3393 ὅτι
828 3337 862 3392 ἄν
880 3335 995 3413 εὕρωσιν
1008 3340 1067 3395 scil.
1076 3341 1173 3409 στῆλαι
1194 3343 1223 3394 et
1238 3340 1356 3412 θριγκοὶ,

199 3426 301 3495 quanti
313 3427 488 3494 constabunt,
505 3445 532 3484 v.
544 3428 590 3483 38:
609 3424 652 3482 ὅτι
669 3423 697 3479 δ’
707 3425 742 3480 ἐν
753 3423 826 3500 adop,
843 3427 923 3481 τοῦτο
936 3423 1003 3480 αὐτό
1014 3425 1060 3480 καὶ
1071 3427 1198 3498 ἡμιόλιον
1211 3423 1356 3494 ἀποτείσει,

200 3516 307 3582 quanto
325 3514 472 3579 constabit,
490 3516 602 3569 tautum
619 3513 754 3585 pecuniae
772 3515 801 3568 et
817 3512 965 3567 dimidium
977 3513 1073 3578 solvet,
1092 3514 1125 3568 cf.
1136 3532 1163 3568 v.
1176 3515 1217 3578 76,
1234 3513 1296 3568 Dv.
1310 3516 1357 3568 ll:

200 3598 266 3653 ὅσον
284 3595 311 3652 d'
328 3597 362 3652 ἂν
379 3601 458 3655 τοῦτο
475 3595 555 3671 εὕροι.
573 3599 702 3654 Herodot.
715 3605 736 3655 Ι.
750 3599 811 3654 196:
829 3596 898 3659 ὅπως
911 3594 978 3668 αὕτη
991 3600 1038 3670 (sc.
1050 3599 1068 3668 ἡ
1080 3598 1227 3671 πόρθενος)
1240 3599 1357 3671 εὑροῦσα

199 3685 301 3738 πολλόν
308 3685 424 3760 χρυσίον
441 3685 568 3760 πρηθείη,
585 3687 638 3742 hac
649 3703 752 3756 magno
763 3685 825 3740 auri
842 3685 933 3756 pretio
942 3702 1044 3740 venum
1062 3686 1135 3740 data.
1162 3685 1219 3740 alia
1230 3687 1357 3756 exempla

200 3772 309 3829 omitto.
332 3773 429 3842 itaque
450 3772 640 3848 *decorticata
661 3773 802 3843 (asterisco
822 3773 982 3843 praeposito
1008 3773 1145 3828 vocabula
1165 3789 1237 3842 quae
1258 3791 1291 3828 ex
1313 3773 1356 3827 in·

199 3858 352 3929 scriptione
380 3861 476 3914 nostra
513 3859 635 3929 primum
664 3859 844 3914 innotescunt
875 3857 1024 3927 denotabo)
1051 3858 1080 3912 id
1108 3861 1160 3924 est,
1192 3877 1247 3928 quo
1280 3862 1356 3914 certe

199 3962 308 4000 summa
325 3947 452 4016 expensis
470 3949 617 4017 superatur
628 3947 837 4017 (Mehrkosten).
864 3946 899 4001 de
917 3945 1054 4016 scriptura
1071 3943 1174 4018 εὕρεμα
1186 3963 1237 4016 pro
1250 3943 1356 4018 εὕρημα

199 4032 342 4086 Romanae
359 4032 461 4086 aetatis
485 4033 796 4103 scriptoribuspropria
819 4032 853 4087 cf.
878 4031 997 4087 Lobeck.
1020 4032 1057 4086 ad
1079 4032 1181 4101 Phryn.
1199 4051 1227 4102 p.
1241 4033 1293 4088 445
1315 4051 1356 4102 sq.

270 4117 450 4188 bna&

271 4207 292 4274 ι)
311 4205 359 4263 εἰς
382 4203 418 4257 τό
441 4203 592 4274 λεύκωμα
610 4203 838 4278 ἐκγράψοιισιν
859 4206 895 4272 (v.
913 4205 949 4272 b).
986 4202 1137 4278 ἐκγράφειν
1159 4204 1256 4258 eodem
1273 4220 1355 4258 sensu

198 4289 349 4344 adhibetur
370 4290 401 4344 in
418 4290 503 4345 titulo
525 4290 675 4360 Corcyraeo
694 4291 760 4346 CIG.
780 4291 859 4346 1842:
884 4289 936 4344 τιὶν
958 4290 999 4361 [δὲ
1020 4289 1178 4365 προξεν]ιάν
1195 4289 1354 4361 ἐνγρόψαν-

200 4376 258 4444 [τας
276 4377 315 4436 εἰς
331 4375 485 4446 χάλασμα)
510 4377 717 4432 -locationes
740 4393 851 4446 queque
870 4376 902 4430 in
921 4376 985 4430 albo
1012 4377 1211 4431 scribebantur.
1253 4376 1286 4431 cf.
1309 4376 1354 4431 tit.

199 4463 330 4520 Troezen.
349 4462 424 4533 apud
441 4462 561 4517 Foucart
578 4463 615 4516 ad
628 4463 666 4517 Le
683 4464 737 4516 Bas
750 4464 799 4518 157
805 4480 822 4517 a
838 4481 863 4517 r.
873 4463 921 4517 49:
939 4460 1111 4534 λευκόματος
1127 4463 1173 4518 ada
1190 4460 1353 4533 συγγράφοι.
