3310 5254
687 428 902 489 -43..

215 610 385 676 latitudine
404 612 564 698 singulae,
587 618 739 678 accurate
764 612 891 679 deliniri
913 615 1026 700 nequit
1049 613 1210 700 quomodo
1224 613 1375 680 undecim

216 744 355 788 coronae
379 746 453 790 cum
474 725 595 790 tabulis
617 726 786 792 veteribus
810 727 1012 812 compositae
1034 726 1164 791 fuerint.

301 837 321 913 ξ
340 838 389 900 15.
422 835 467 922 (v.
481 837 631 922 77-82).
662 838 792 917 occipito
805 842 908 902 annm
923 838 1037 901 borum
1052 857 1170 920 qnoque
1192 811 1377 902 edronernm

210 949 311 1029 pretii
322 949 510 1028 pensionem,
533 950 587 1013 nbi
607 949 864 1014 demonstraverit
875 949 899 1034 ¹)
924 949 1048 1014 tobeias
1067 949 1183 1034 (novas
1200 949 1241 1014 de
1257 949 1376 1035 quibus

216 1060 512 1146 §1-12agitur)
541 1061 691 1141 scntptos,
723 1060 896 1139 collocatos,
931 1061 1058 1140 ptnmbo
1084 1062 1217 1139 cinctos,
1247 1079 1378 1125 corones

215 1193 295 1254 qnae
315 1172 352 1235 in
375 1172 420 1238 cis
436 1171 601 1253 ponendae
628 1175 704 1236 sciet
738 1173 876 1260 (positas
902 1172 948 1258 et)
972 1173 1055 1236 inter
1081 1191 1113 1236 sc
1135 1174 1224 1238 nnsis
1246 1193 1378 1253 superne

216 1284 357 1348 inmissis
386 1285 568 1366 conlipctos.
629 1285 759 1365 occipito
790 1285 929 1369 [annm]
955 1305 1064 1349 eornm
1093 1305 1211 1366 quoqne
1241 1286 1378 1366 pretinm

107 1389 109 1391 ’
216 1397 325 1460 relicto
340 1400 432 1476 porte
454 1396 580 1474 decimo,
603 1397 696 1462 sionti
713 1397 750 1460 de
769 1397 980 1477 robnssnpro
995 1397 1144 1476 inpositis
1158 1397 1307 1478 scriptam
1323 1399 1377 1462 cst.

303 1508 323 1586 ὅ
341 1511 391 1576 16.
415 1509 457 1588 (v.
476 1483 628 1592 83-87).
651 1509 706 1572 nbi
727 1512 828 1573 annm
851 1527 981 1574 corones
1003 1507 1059 1593 (de
1083 1509 1200 1594 quibus
1219 1508 1378 1574 faciendis

219 1621 261 1698 §5
279 1623 414 1685 13-15
444 1620 564 1706 agitur)
602 1620 803 1701 composuerit
838 1624 867 1684 et
906 1620 1163 1685 demonstraverit
1196 1621 1378 1700 conlocatos,

212 1733 342 1812 ptnmbo
367 1733 525 1812 firmatos,
548 1731 717 1812 perfectas,
739 1751 872 1812 superne
898 1731 1083 1814 noctipetas,
1110 1733 1207 1812 probe
1235 1733 1319 1798 inter
1348 1753 1379 1798 sc

218 1842 462 1929 concinente32),
497 1847 571 1908 tnnc
606 1843 730 1908 noeros
761 1840 809 1928 (ni
836 1843 931 1908 fallor
958 1841 1085 1928 omnes)
1119 1843 1258 1909 adhibito
1286 1847 1380 1910 notro

218 1953 373 2040 obtnitoi)
396 1959 425 2018 ct
447 1956 569 2020 litteras
593 1974 696 2036 puros
716 1955 835 2020 reddito
857 1957 887 2019 ct
914 1958 977 2018 tom
1000 1955 1056 2019 din
1078 1955 1172 2020 cinito
1201 1976 1296 2036 qnam
1324 1956 1381 2021 din

220 2068 400 2134 iubebimus.

303 2181 390 2258 517.
428 2180 473 2262 (v.
498 2179 649 2265 87-89).
686 2181 810 2262 reliqna
831 2200 903 2245 oerc
925 2181 1031 2244 cornio
1052 2201 1132 2262 qnae
1158 2180 1194 2243 in
1217 2180 1382 2245 locationis

217 2292 334 2375 tepibns
364 2310 429 2356 non
456 2294 530 2355 snnt
562 2291 681 2372 scripto
708 2291 876 2368 secundnm
903 2292 996 2374 leyen
1026 2291 1199 2357 censoriam
1231 2295 1260 2356 et
1289 2292 1383 2375 iepem

217 2404 328 2484 tencptc
341 2402 489 2468 struendo
498 2403 589 2485 pient.
622 2403 711 2490 prior
725 2404 782 2468 lex
797 2424 879 2488 quae
897 2409 1170 2468 commemoratur
1185 2396 1203 2469 ὃ
1219 2427 1382 2471 naccam-

218 2509 310 2600 κὸς4)
332 2509 433 2599 νόμος
456 2513 582 2579 dieitur.
620 2508 787 2580 κατόπται
804 2515 989 2600 peculiares
1011 2513 1147 2580 Boeotis
1170 2517 1381 2601 magistratus

221 2632 297 2691 sunt
309 2627 349 2692 de
363 2626 481 2712 quibus
493 2625 680 2691 Boeckhius
692 2625 719 2712 ⁵)
735 2627 796 2691 hcc
812 2627 924 2691 statuit
938 2647 994 2691 eos
1011 2627 1045 2691 iu
1061 2627 1159 2691 rebus
1176 2628 1382 2713 potissimum

136 2757 140 2764 “
218 2741 416 2828 pecuniariis
440 2740 584 2806 adfuisse
613 2740 860 2826 magistratibus
890 2746 987 2826 atque
1011 2741 1215 2822 observasse,
1238 2762 1281 2806 ne
1305 2741 1383 2826 quid

218 2854 329 2940 inique
352 2859 515 2939 ageretur,
538 2859 575 2918 ut
590 2854 625 2917 in
640 2875 720 2918 auro
737 2860 770 2918 ct
786 2859 921 2939 argento
937 2853 1095 2919 tradendo
1106 2853 1142 2939 ⁰),
1166 2854 1201 2919 in
1216 2855 1381 2919 locatione

291 3069 311 3137 ¹)
330 3086 356 3122 v.
375 3068 408 3122 78
432 3066 607 3122 Cumanudes
632 3063 758 3120 exhibet:
786 3064 853 3120 ὅταν
872 3067 923 3135 (di)
943 3062 1079 3136 ἀποδείξῃ.
1105 3067 1214 3122 ursive
1236 3069 1266 3122 in
1288 3068 1383 3138 lapide

218 3154 350 3208 omissum
373 3153 408 3208 ab
436 3153 542 3207 editore
559 3151 688 3206 additum
712 3154 755 3205 est
776 3140 834 3206 sire
856 3152 993 3206 traditum
1020 3153 1055 3206 ab
1074 3169 1106 3208 eo
1129 3154 1208 3208 uncis
1230 3154 1383 3217 inclusum;

219 3242 293 3294 certe
310 3239 411 3294 falsum
430 3240 479 3292 est.
511 3239 608 3292 contra
622 3254 646 3291 v.
661 3237 693 3290 81
714 3235 746 3289 δέ
756 3238 821 3306 post
838 3237 955 3307 λήψεται
967 3238 1099 3304 omissum
1118 3256 1175 3294 esse
1193 3240 1270 3310 pute.
1295 3240 1384 3294 mani·

219 3327 289 3381 festo
308 3325 383 3380 enim
400 3327 464 3395 post
480 3323 606 3394 κεφαλήν
623 3323 879 3394 interpungendum
898 3326 947 3379 est.

290 3411 312 3480 ²)
330 3411 388 3465 sive
405 3429 430 3465 v.
444 3410 479 3464 85
496 3411 563 3464 ente
580 3407 687 3463 inerter
703 3409 839 3474 voculam,
859 3409 917 3464 sive
935 3411 1058 3464 extrema
1076 3411 1139 3480 §16
1158 3411 1283 3467 desidero
1295 3412 1384 3482 pertis

221 3496 344 3551 decimae
362 3513 434 3565 quae
454 3496 513 3550 sine
535 3494 621 3550 dubie
645 3511 727 3564 opere
751 3495 848 3550 effecto
872 3493 1046 3565 probatoque
1070 3497 1240 3567 redemptori
1264 3515 1385 3567 expensa

223 3584 266 3637 est
281 3583 461 3638 mentionem.

291 3668 313 3736 ⁸)
333 3668 475 3742 ἐκνιτροῦν
494 3669 530 3736 (v.
540 3667 585 3735 86)
603 3666 726 3732 verbum,
744 3667 820 3721 natn'
837 3683 890 3736 ope
908 3667 1029 3731 abluere,
1048 3666 1178 3722 adhibuit
1195 3668 1291 3723 Alexis
1309 3670 1385 3740 apud

219 3753 321 3809 Athen.
340 3754 387 3808 VI.
411 3773 439 3825 p.
462 3753 555 3808 230ss
580 3753 720 3823 (Meineke
742 3753 823 3823 frgm.
843 3753 859 3803 3
876 3770 901 3806 v.
920 3753 960 3821 4):
986 3750 1136 3822 senopem
1160 3752 1384 3827 ἐκνενιτρωμένα.

220 3839 255 3894 de
273 3842 354 3895 netro
378 3841 411 3896 cf.
434 3857 507 3909 quae
529 3840 645 3909 collegit
670 3840 843 3904 Bltimnerus
869 3839 1018 3893 Terminol.
1038 3857 1064 3893 u.
1085 3839 1216 3896 Technol.
1239 3843 1260 3896 Ι.
1279 3860 1306 3911 p.
1326 3842 1385 3896 162.

220 3926 250 3978 in
267 3926 424 3981 mtionibus
442 3925 600 3996 Corcyraeis
619 3943 702 3996 supra
720 3926 815 3980 citatis
834 3925 912 3994 (OIG.
932 3925 1010 3993 1838)
1028 3925 1157 3991 refertur,
1176 3926 1204 3987 ἐς
1220 3927 1274 3998 etp
1292 3927 1386 3999 βωμόν

220 4010 327 4084 νίτρου,
357 4014 426 4082 puto
459 4011 495 4066 ad
523 4012 674 4065 lavandam
703 4028 780 4065 aram
809 4010 910 4082 pingui
938 4010 1116 4065 victimarum
1147 4015 1385 4069 commaculatam.

221 4115 284 4152 cum
307 4097 446 4167 lapicidae
477 4097 513 4151 ad
536 4097 644 4167 lapides
672 4097 853 4168 laevigandcs
880 4098 941 4152 oleo
965 4099 1082 4151 utantur
1109 4097 1153 4167 (ef.
1180 4117 1206 4154 v.
1230 4100 1385 4172 154-159)

223 4200 280 4237 non
298 4183 400 4238 mirum
419 4185 468 4248 est,
487 4183 562 4252 quod
579 4183 693 4239 tabulae
711 4185 850 4254 perfectae
867 4186 949 4238 natrc
967 4183 1104 4238 lavandae
1124 4187 1197 4240 sunt.

294 4271 314 4331 ⁴)
333 4268 511 4328 *κατοπτικός
528 4269 566 4336 (v.
584 4269 630 4336 88)
648 4269 818 4324 adiectivum
836 4270 927 4324 adhuc
945 4269 1072 4339 ignotum
1094 4272 1161 4324 erat.

293 4355 313 4423 ⁶)
333 4352 400 4408 CIG.
419 4353 433 4406 I
450 4371 477 4422 p.
496 4353 547 4406 730
565 4370 604 4421 sq.
623 4355 650 4423 (5
668 4355 685 4408 6
702 4355 852 4410 introduct.
870 4355 952 4410 iuscr.
974 4355 1089 4424 Boset).

293 4442 313 4508 ⁸)
334 4438 366 4494 cf.
379 4437 496 4492 titulum
508 4437 676 4509 quispectat
688 4439 780 4496 adres
792 4457 883 4498 sacres
892 4440 1067 4511 Amphiaraii
1080 4440 1156 4508 quod
1164 4457 1251 4514 prope
1264 4440 1387 4517 Oropum
