3310 5254
715 477 929 540 ...73-

241 686 318 749 pars
332 685 426 748 quae,
442 687 513 729 oum
526 666 678 730 collocati
689 673 794 743 erunt,
811 665 932 730 iacebit
943 687 1041 750 supra
1054 672 1218 731 orateutas
1231 671 1265 730 et
1276 666 1402 750 hypeu-
1426 651 1428 656 ⁸

245 776 452 860 thynteriam.
499 777 538 841 cf:
564 799 593 842 v.
614 781 687 840 111:
710 770 749 844 τὸ
772 775 831 842 ἐπὶ
853 772 913 866 τὴν
933 770 1198 865 ὓττευθυντηρίαν
1220 775 1402 860 ἐπιβαῖνον.

332 896 611 989 *Ὗττευθυιτηρία
641 904 717 989 quid
747 906 789 968 sit
818 904 979 989 Hesychii
1004 906 1102 970 docet
1129 907 1255 990 glossa:
1286 897 1404 970 εὐθυν-

244 1013 357 1102 τηρία·
391 1009 429 1081 τὸ
464 1013 497 1080 ἒν
525 1017 574 1102 τῷ
608 1011 723 1103 ἐδάφει
758 1012 939 1102 σάμμαγμα
970 1010 1037 1083 ὑπὸ
1068 1019 1133 1082 τῶν
1161 1010 1403 1101 ἀρχιτεκτόνων.

244 1129 438 1193 vocabulum
455 1123 654 1214 *σάμμαγμα
670 1129 852 1193 derivatum
869 1136 920 1193 est
935 1151 954 1193 a
969 1131 1070 1194 verbo
1085 1123 1233 1214 μάσσειν,
1251 1150 1403 1214 coquere,

245 1237 300 1325 (cf.
331 1239 432 1303 schol.
468 1239 509 1302 ad
538 1238 707 1325 Aristoph.
738 1242 837 1325 equit.
868 1263 897 1306 v.
928 1243 1004 1305 812:
1037 1236 1172 1325 μάττειν
1201 1238 1329 1326 λέγεται
1365 1233 1403 1306 τὸ

244 1344 454 1436 άναμιγνάναι
477 1348 534 1415 καί
558 1351 664 1437 φοράν
685 1349 742 1417 καί
773 1348 821 1430 είς
842 1347 876 1416 ἓν
898 1346 1058 1438 συνάγειν)
1083 1359 1117 1417 et
1139 1375 1222 1438 quae
1250 1354 1335 1416 inter
1367 1373 1401 1416 se

244 1463 346 1527 mixta
376 1470 451 1526 sunt
480 1464 651 1548 significat.
705 1465 814 1549 itaque
846 1457 1043 1550 εὐθυντηρία
1075 1464 1175 1528 rudus
1205 1465 1404 1528 calculosum

245 1582 295 1640 est
318 1582 426 1640 terrae
443 1576 617 1659 ingestum.
655 1598 750 1662 quarn
773 1577 930 1641 farturam
953 1577 1123 1641 architecti
1141 1575 1260 1642 Graeci
1283 1568 1402 1641 εὐθυν-

243 1683 358 1772 τηρίαν
372 1708 509 1751 vocasse
526 1687 678 1751 videntur
692 1694 868 1774 propterea
884 1688 968 1773 quod
984 1709 1023 1752 ea
1043 1689 1154 1772 iniquo
1172 1694 1269 1771 atque
1287 1709 1404 1774 aspero

245 1801 314 1862 solo
344 1799 475 1883 ingesta
504 1799 639 1883 planum
663 1799 896 1885 comparabant
918 1799 1053 1862 fundum
1081 1800 1115 1862 in
1139 1821 1202 1884 quo
1227 1806 1404 1864 structuras

246 1911 435 1976 conderent.
481 1916 626 1974 ceterum
654 1932 760 1995 neque
796 1903 978 1996 σίμμαγμα
1014 1933 1120 1996 neque
1160 1904 1405 1998 ὑπευθυντηρία

249 2023 410 2087 vocabula
433 2023 563 2086 aliunde
588 2023 718 2106 cognita
740 2029 824 2087 sunt.
858 2019 1117 2110 κατευθυντηρία
1146 2022 1270 2110 (atym.
1294 2023 1404 2109 Magn.

246 2157 278 2220 p.
304 2137 375 2217 740,
400 2135 454 2220 42)
477 2135 747 2221 perpendiculum
772 2141 830 2200 est.

334 2273 463 2338 Pariter
485 2270 661 2359 κρατειταί
689 2295 818 2359 quoque
843 2296 925 2359 quae
949 2276 1070 2339 fuerint
1093 2274 1179 2360 apud
1208 2275 1405 2338 architectos

246 2384 391 2450 Graecos
414 2387 478 2449 uisi
502 2387 690 2450 coniectura
713 2388 845 2472 assequi
868 2409 934 2451 non
956 2409 1140 2472 possumus.
1186 2387 1216 2450 ei
1240 2387 1326 2450 enim
1350 2385 1406 2470 qui

245 2497 286 2561 de
316 2496 412 2561 huius
441 2498 531 2562 vocis
560 2498 799 2588 significatione
829 2499 1008 2582 antiquitus
1037 2503 1176 2583 egerunt
1205 2499 1402 2584 interpretes

246 2615 322 2672 sunt
344 2631 459 2673 versus
482 2608 604 2672 Iliados
628 2609 654 2687 Ι,
679 2612 740 2673 213
766 2632 830 2694 sq.:

371 2713 554 2808 ἀνθρακιὴν
577 2718 734 2806 στορέσας
757 2716 890 2806 ὀβελοὺς
912 2716 1082 2808 ἐφύπερθε
1102 2716 1267 2801 τάνυσσεν,

369 2828 480 2897 πάσσε
503 2825 534 2897 d'
560 2825 639 2911 ἁλὸς
661 2829 781 2913 θείοιο,
805 2828 1010 2920 κρατευτάων
1032 2828 1198 2919 ἐπαείρας.

245 2944 442 3030 Apollonius
470 2946 503 3008 in
531 2946 640 3009 lexico
668 2946 833 3010 homerico
857 2946 1006 3010 tradidit:
1029 2940 1251 3031 κρατευτάων·
1276 2937 1405 3031 5249!-

245 3076 384 3140 σταρχος
406 3055 471 3119 των
492 3050 620 3140 βάσεων
642 3049 692 3144 ἐφ’
719 3044 762 3122 ὧν
785 3053 816 3122 oi
845 3050 1012 3143 ὀβελίσκοι
1033 3053 1194 3123 τίθενται.
1240 3079 1323 3143 quae
1355 3058 1405 3121 in-

246 3167 437 3253 terpretatio
468 3168 501 3229 in
530 3167 637 3252 Etym.
666 3168 776 3252 Magn.
807 3169 934 3253 plenior
958 3175 1087 3233 servata
1118 3176 1168 3232 est
1194 3191 1225 3254 p.
1251 3173 1324 3249 535,
1349 3172 1405 3234 20:

245 3272 463 3364 κρατευτάων·
493 3279 557 3342 τῶν
586 3274 728 3362 βάσεων,
761 3273 780 3344 ὅ
809 3277 895 3344 ἐστι
923 3279 999 3345 τῶν
1025 3276 1199 3362 aloem),
1232 3273 1281 3367 ἐφ’
1307 3268 1351 3344 ὧν
1373 3276 1406 3345 οἱ

247 3383 412 3474 ὀβελίσκοι
434 3386 603 3471 τίθενται,
627 3391 667 3454 cf.
692 3391 895 3476 Hesychium
920 3415 945 3456 s.
969 3415 998 3456 r.
1023 3386 1226 3477 κρατευτάων
1250 3399 1282 3456 et
1306 3393 1405 3456 schol.

245 3501 364 3568 Venet.
385 3501 426 3565 A.
466 3523 539 3565 cum
563 3503 754 3566 Aristarcho
778 3504 941 3567 consentit
965 3504 1141 3567 scholiasta
1162 3504 1327 3568 Venet.B
1352 3505 1407 3589 qui

245 3636 360 3678 vocem
390 3609 596 3699 κρατευτάων
626 3614 733 3679 reddit
763 3615 888 3678 verbis:
925 3609 959 3701 [ἢ
986 3615 1051 3679 τῶν
1074 3607 1261 3704 ἆλοθήκων]
1293 3609 1315 3704 ἢ
1342 3616 1407 3680 τῶν

246 3724 365 3806 ἒξοχῶν
386 3725 446 3813 τῆς
468 3720 615 3811 ἐσχάρας.
655 3721 768 3806 ἕξοχαί
791 3747 866 3789 arae
891 3725 1027 3789 eaedem
1051 3732 1126 3790 sunt
1150 3748 1188 3790 ac
1210 3722 1332 3811 βάσεις,
1357 3729 1417 3790 la-‘

245 3835 339 3923 pides
376 3859 452 3901 arae
489 3837 644 3922 impositi.
694 3858 830 3900 vernum
868 3842 976 3901 autem
1015 3839 1192 3902 statumina
1223 3860 1265 3902 ex
1294 3840 1406 3904 multis

246 3951 463 4014 monumentis
482 3950 710 4034 cognoscimus
733 3949 768 4012 in
791 3949 908 4033 quibus
932 3971 1007 4014 arae
1025 3949 1209 4015 delineatae
1235 3956 1309 4013 sunt
1333 3973 1405 4015 cum

247 4062 401 4126 crateutis
433 4061 481 4124 eis
509 4060 681 4144 impositis·
731 4061 764 4123 in
795 4061 951 4146 amphora
984 4081 1067 4144 quae
1101 4062 1134 4124 iu
1168 4083 1282 4126 museo
1317 4063 1406 4128 Nea-

244 4175 391 4259 politano
418 4177 606 4235 asservatur
633 4169 738 4234 Ruhis
762 4177 893 4256 reperta
916 4171 1054 4246 Orestes
1085 4173 1118 4234 in
1149 4193 1206 4236 ara
1228 4174 1313 4237 inter
1336 4196 1407 4239 cra-

317 4416 337 4482 1)
356 4429 483 4482 perverse
505 4412 594 4481 igitur
615 4412 645 4464 in
666 4410 763 4465 lexicis
780 4427 833 4464 rec.
853 4411 1086 4480 interpretantur:
1111 4413 1164 4477 ‚die
1185 4414 1406 4484 gabellllrmigeu

246 4499 368 4569 spinea,
386 4499 436 4552 das
455 4498 568 4563 (lasteli,
586 4500 637 4552 auf
650 4496 783 4551 walchem
803 4496 852 4551 der
868 4497 1024 4569 Bratspiass
1042 4501 1124 4557 ruht‘.
