3310 5254
685 438 899 499 ..22-

215 625 411 692 conductum
421 625 458 711 ¹),
480 624 657 692 discrimen
678 625 801 690 iactum
824 645 897 690 esse
920 629 1059 712 apparet
1074 624 1161 690 inter
1179 647 1279 713 opera
1295 628 1372 693 sub-

215 738 324 804 tiliora
353 736 395 802 ad
421 736 521 803 aedes
553 757 662 802 sacras
692 737 875 823 spectantia
909 757 992 822 quae
1026 737 1061 800 in
1094 743 1206 823 partes
1235 740 1373 826 exiguas

215 848 317 914 dividi
338 849 483 915 solerent
506 855 540 915 et
561 848 762 914 munimenta
784 847 939 914 struenda
960 870 1044 934 quae
1067 851 1205 935 singulis
1221 851 1373 940 redemp-

215 962 341 1027 toribus
374 963 571 1026 locarentur.
626 960 716 1026 idem
748 960 924 1027 discrimen
958 962 1058 1027 etiam
1092 965 1224 1029 saeculo
1257 971 1372 1049 quarto

217 1081 366 1141 extremo
399 1073 621 1139 Athenienses
661 1073 855 1139 observasse
885 1095 929 1138 ex
964 1073 1091 1140 duobus
1121 1076 1225 1141 titulis
1253 1076 1373 1142 Atticis

216 1186 403 1274 perspicere
429 1185 507 1250 licet
539 1205 677 1270 quorum
708 1185 811 1250 altero
839 1185 1007 1250 decretum
1035 1193 1169 1252 senatus
1196 1195 1230 1254 et
1259 1191 1373 1276 populi

216 1296 258 1364 de
281 1318 446 1362 murorum
469 1297 648 1362 reiectione
678 1318 763 1363 anno
791 1319 821 1362 a.
845 1297 921 1364 Ohr.
944 1320 975 1363 n.
1000 1298 1129 1383 307162)
1152 1300 1274 1366 factum
1296 1323 1373 1368 con·

217 1411 348 1489 tinetur,
372 1411 475 1475 altero
491 1410 636 1475 rationes
651 1431 671 1475 a
687 1411 829 1496 quinque
854 1411 1057 1476 curatoribus
1079 1412 1227 1479 redditae
1247 1398 1291 1480 de
1313 1417 1374 1480 im·

216 1524 329 1611 pensis
351 1522 483 1610 publice
506 1523 601 1588 factis
623 1523 664 1587 ad
687 1523 803 1589 aedem
826 1523 914 1589 Iovis
931 1524 1083 1613 Σωτῆρος
1105 1526 1140 1590 in
1160 1526 1279 1593 Piraeo
1303 1529 1375 1593 refi-

218 1635 367 1702 ciendam
377 1635 416 1720 ⁸).
451 1635 486 1699 in
505 1634 624 1721 quibus
645 1635 826 1701 rationibus
850 1657 951 1722 opera
973 1657 1056 1722 quae
1078 1643 1232 1704 notantur
1247 1640 1377 1726 singula

217 1748 252 1814 in
262 1747 383 1814 iudicio
394 1739 670 1834 (ἔνδικαστηρίῳ)
682 1748 943 1836 redemptoribus
951 1749 1060 1814 locata
1071 1757 1172 1815 erant.
1191 1757 1288 1838 atque
1302 1774 1376 1817 oum

218 1881 363 1926 summae
380 1860 561 1926 artificibus
585 1861 722 1946 singulis
746 1861 801 1946 qui
824 1860 939 1926 aedem
962 1862 1129 1928 Minervae
1146 1862 1291 1930 Poliadis
1315 1886 1374 1929 ex-

217 1972 388 2038 struebant
400 1974 526 2038 solutae
544 1981 675 2058 praeter
694 1975 802 2060 pretia
823 1974 1041 2061 sculptoribus
1058 1997 1206 2061 expensa
1217 1977 1375 2063 quinqua·

219 2085 311 2171 ginta
322 2083 492 2150 drachmas
506 2106 705 2172 exsuperare
717 2107 783 2151 non
796 2087 950 2166 solerent,
965 2108 1023 2173 pro
1038 2087 1193 2172 operibus
1206 2087 1247 2152 ad
1259 2089 1375 2154 aedem

217 2197 306 2262 Iovis
335 2197 559 2284 spectantibus
590 2198 766 2284 pensiones
795 2198 897 2262 multo
927 2199 1067 2264 maiores
1096 2199 1200 2264 iactas
1228 2221 1302 2266 esse
1333 2221 1376 2265 ex

219 2309 399 2375 rationibus
436 2315 585 2396 apertum
620 2316 680 2375 est.
741 2310 888 2397 adeoque
927 2311 1065 2397 singulis
1103 2311 1375 2399 redemptoribus,

218 2421 432 2488 Archestrato
461 2422 605 2508 exempli
632 2421 739 2508 gratia
761 2421 939 2508 Carystio„
956 2444 1056 2509 opera
1079 2425 1259 2510 compluria
1281 2425 1377 2490 simul

220 2534 402 2601 conducere
438 2533 542 2601 licuit.
596 2555 679 2620 quas
713 2535 740 2598 si
780 2535 1035 2622 computaveris,
1073 2557 1202 2601 mecum
1237 2537 1376 2603 fortasse

221 2647 406 2712 consenties
440 2647 648 2732 magistratus
682 2646 835 2732 operibus
867 2646 1007 2733 publicis
1039 2648 1226 2733 praefectos
1264 2649 1376 2734 singu-

219 2761 324 2824 larum
347 2780 454 2824 rerum
478 2781 589 2824 curam
610 2760 676 2825 iam
698 2761 865 2847 aliquanto
887 2760 992 2846 magis
1008 2780 1105 2846 quam
1127 2763 1259 2827 saeculo
1283 2767 1376 2827 ante·

221 2871 359 2938 cedente
383 2892 401 2936 e
424 2870 574 2936 manibus
598 2871 758 2938 emisisse.

307 2998 377 3064 Iam
393 2999 616 3064 examinemus
641 3006 770 3087 oportet
794 3001 962 3066 decretum
985 3001 1026 3066 de
1048 3001 1258 3066 munimentis
1273 3001 1377 3066 Athe-

220 3132 335 3177 narum
358 3111 553 3177 reficiendis.
604 3112 656 3176 cui
684 3112 777 3199 operi
804 3118 937 3198 praeter
968 3113 1181 3178 architectum
1209 3135 1229 3178 a
1256 3115 1377 3201 populo

292 3370 313 3436 ²)
332 3369 365 3424 of.
384 3369 525 3423 Plutarch.
544 3369 641 3424 Periol.
660 3387 682 3424 o.
700 3369 768 3424 XIII
786 3371 823 3440 (p.
837 3369 909 3436 160):
927 3369 960 3424 τό
978 3369 1009 3423 δὲ
1026 3370 1134 3444 μακρόν
1151 3371 1249 3442 τεῖχος,
1266 3369 1329 3445 περὶ
1347 3361 1383 3425 ori

221 3455 365 3527 Σωκράτης
382 3450 579 3526 duodecimque
595 3451 675 3516 αὐτός
690 3457 883 3526 εἰςηγοομένου
897 3455 1013 3528 γνώμην
1025 3458 1190 3531 Περικλέους,
1208 3453 1379 3529 ἠργολάβησε

222 3541 412 3615 Καλλικράτης.

293 3661 403 3732 ²)01A.
426 3662 461 3716 Π.
487 3662 544 3716 167.
570 3661 687 3716 titulum
712 3661 831 3718 incisum
858 3679 917 3718 esre
939 3663 1081 3719 archontis
1102 3663 1279 3720 Anaxieratis
1305 3681 1378 3719 auno

222 3749 358 3804 Kbhierus
376 3747 478 3804 statuIt
494 3748 587 3804 mitth.
607 3749 633 3803 V
650 3767 677 3819 p.
695 3747 755 3802 276.

294 3871 314 3940 ⁸)
334 3871 367 3926 of.
379 3867 583 3942 Ἀρχαιολογικη
601 3869 734 3942 ἐφημερὶς
755 3889 814 3944 περ.
832 3869 855 3939 β
874 3865 947 3944 cipit.
964 3871 1016 3926 421
1035 3871 1072 3942 (p.
1084 3871 1155 3940 397).
1190 3871 1380 3945 Eusbrabiades

223 3958 345 4011 aetatem
368 3956 446 4010 tituli
469 3957 570 4012 statuit
593 3957 667 4012 inter
684 3958 720 4014 ol.
740 3958 798 4022 111,
821 3958 837 4010 1
861 3960 889 4012 et
913 3958 971 4024 127,
988 3959 1006 4012 4
1025 3957 1174 4026 (aaa-270
1196 3974 1220 4012 a.
1246 3957 1308 4013 Chr.
1332 3956 1380 4026 n).

224 4045 363 4097 curatores
381 4059 436 4111 quo
454 4059 568 4097 numero
586 4042 699 4109 fuerint,
723 4042 831 4097 definiri
849 4045 943 4113 potest
961 4043 1001 4098 eIs
1018 4060 1090 4112 quae
1107 4043 1192 4098 titulo
1209 4043 1381 4114 praescripta

223 4129 289 4182 sunt
309 4127 460 4197 diligenter
479 4128 644 4182 examinatis
661 4147 687 4183 v.
706 4129 736 4183 λε
764 4128 826 4188 Διός
846 4131 980 4200 Σωτῆρος,
1003 4128 1245 4198 ἐπιστατούνιωλνε
1270 4130 1381 4184 curator

223 4213 329 4285 primns
346 4214 405 4284 τοῦ]
425 4215 489 4268 Πλει
506 4244 520 4253 -
530 4244 544 4253 -
563 4216 673 4270 curator
693 4214 712 4285 λ’
730 4215 866 4269 secundus
882 4215 940 4284 rod]
957 4211 1133 4286 Ἐπιφάνους,
1149 4209 1259 4283 Ἀζηνιξ
1279 4215 1381 4285 Λε[οιι-

223 4303 300 4355 rator
326 4299 484 4370 bertius]oos
511 4300 604 4371 [r]o[ri]
627 4331 641 4340 -
660 4331 674 4340 -
697 4300 821 4374 ρά[του]ς
847 4302 942 4368 Horti
962 4303 1073 4356 curabor
1094 4300 1118 4372 i*
1140 4302 1256 4370 quartus
1276 4305 1283 4369 ξ
1300 4297 1380 4376 'th-

224 4385 332 4440 πείθου
343 4388 393 4441 τοῦ
407 4383 589 4458 Ἀρίστ[ων]ος
600 4393 692 4458 Περγα
712 4390 719 4454 ξ
734 4387 857 4456 quinque
876 4389 1034 4442 curatorum
1051 4387 1165 4442 nomina
1177 4387 1281 4459 scripta
1293 4391 1380 4456 erant,

224 4473 337 4545 singula
354 4473 523 4528 tricenarum
541 4471 598 4527 fere
615 4473 781 4528 litterarum.
