3310 5254
689 414 903 478 ..65-

217 600 425 668 subtiliorem
462 602 708 668 commissuram
745 603 900 689 laevigati
939 602 980 668 ds
1022 604 1140 689 quibus
1179 598 1380 686 marginibus

216 713 360 778 diximus
384 736 483 800 supra
498 736 530 800 p.
543 720 593 783 51.
625 715 698 780 basi
717 723 827 781 autem
847 715 965 802 lapidis
985 716 1061 801 quid
1079 717 1125 780 ita
1141 716 1262 803 opponi
1277 714 1383 801 possit

214 832 254 890 ut
286 827 320 890 in
346 833 458 892 nostro
490 829 585 892 titulo
614 829 651 892 fit
678 850 744 892 non
766 827 861 893 video
891 829 955 892 nisi
982 829 1095 892 latera.
1123 849 1206 912 quae
1229 825 1381 891 vocabuli

216 930 321 1023 ἁρμός
344 937 571 1024 interpretatio
591 939 707 1024 (germ.
724 939 930 1024 ,Stossfugc‘)
955 946 988 1004 et
1011 939 1252 1025 simplicissima
1276 944 1326 1003 est
1348 944 1382 1002 et

215 1048 258 1112 ad
274 1050 367 1114 verbi
383 1043 535 1136 ἁρμόζειν
550 1031 822 1136 significationem
840 1053 962 1138 optime
980 1051 1127 1137 quadrat.
1156 1050 1283 1116 accedit
1295 1049 1381 1135 quod

216 1160 246 1224 si
269 1153 393 1246 ἁρμούς
415 1162 532 1247 lapidis
556 1163 661 1228 latera
683 1170 800 1228 vocata
822 1185 896 1228 esse
921 1169 1114 1243 statuamus,
1137 1161 1224 1226 haud
1248 1161 1379 1226 difficile

215 1273 465 1357 intellegemus,
495 1296 553 1338 cur
579 1275 613 1339 in
646 1275 741 1339 titulo
771 1273 883 1340 Attico
915 1275 969 1359 qui
998 1273 1040 1338 ad
1067 1273 1183 1338 aedem
1212 1273 1380 1338 Minervae

215 1383 363 1449 Poliadis
386 1392 514 1470 spectat
537 1384 723 1471 (Michaelis
747 1387 781 1450 in
804 1408 878 1473 app.
902 1386 943 1450 ad
966 1385 1073 1449 Iahnii
1097 1385 1173 1450 edit.
1191 1384 1289 1448 Paua.
1313 1405 1378 1450 aro.

215 1495 296 1562 Ath.
312 1495 416 1561 deser.
435 1497 484 1563 tit.
502 1500 550 1578 19,
566 1495 650 1561 ΟΙΑ.
668 1499 744 1583 322)
770 1519 868 1584 saepe
895 1497 1148 1584 praescribatur,
1171 1517 1212 1562 ne
1236 1495 1381 1582 lapidum

216 1609 450 1694 quadratorum
478 1610 688 1694 perficiantur
719 1603 737 1676 ὸ
765 1603 868 1695 ἁρμὸς
897 1603 914 1675 ὸ
945 1607 1053 1696 ἕτερος
1086 1611 1185 1693 (latus
1215 1609 1381 1674 sinistrum

216 1722 286 1785 sive
319 1719 486 1807 dextrum)
513 1719 571 1787 καὶ
594 1717 627 1787 οὶ
654 1713 798 1788 ὄπισθεν
828 1715 929 1808 ἁρμοί
952 1721 1110 1808 (lapidum
1133 1719 1250 1806 terga).
1287 1727 1381 1804 terga

215 1833 305 1897 enim
337 1854 450 1898 eorum
480 1833 624 1919 lapidum
655 1833 696 1898 ad
719 1835 821 1898 cellae
851 1834 1010 1919 parictem
1037 1834 1271 1920 pertinentium
1299 1852 1380 1916 quos

215 1945 366 2010 hodierni
391 1966 540 2010 cursores
566 1943 737 2031 (,Ltuier‘)
759 1952 876 2024 vocant
896 1946 1027 2010 omnino
1048 1966 1115 2010 nou
1133 1944 1382 2028 laevigabantur

216 2056 274 2142 (ο1.
290 2056 405 2138 Durm,
429 2056 559 2121 Handb.
578 2056 609 2120 d.
625 2055 837 2122 Architectur
858 2057 903 2139 II,
929 2061 942 2121 1
968 2080 1000 2143 p.
1017 2061 1081 2140 57),
1104 2058 1190 2120 latus
1214 2056 1381 2120 sinistrum

215 2169 411 2234 dextrumve
442 2174 511 2232 tum
535 2167 664 2232 demum
687 2169 800 2254 perfici
824 2169 967 2249 solebat,
990 2190 1063 2233 cum
1084 2168 1212 2255 lapides
1235 2168 1380 2254 compin-

216 2286 372 2365 gerentur
395 2278 450 2365 (cf.
469 2279 597 2344 Schbne
613 2280 647 2343 in
662 2278 775 2345 Herm.
793 2281 856 2343 vol.
872 2279 921 2344 IV
937 2302 969 2366 p.
984 2281 1135 2362 39-42).
1170 2285 1207 2343 ut
1229 2280 1263 2343 in
1285 2280 1380 2343 titulo

215 2391 327 2456 Attico
356 2386 389 2456 oi
412 2382 557 2456 ὄπισθεν
583 2383 685 2476 ἁρμοί
714 2398 747 2455 et
774 2383 792 2456 ὸ
820 2383 923 2476 ἁρμὸς
950 2384 968 2457 ὸ
997 2388 1104 2477 ἕτερος
1134 2392 1322 2457 eximuntur
1348 2398 1382 2456 et

216 2524 237 2566 a
266 2501 373 2567 fronte
403 2503 573 2587 alteroque
605 2503 709 2567 latere
737 2503 994 2588 distinguuntur,
1023 2505 1070 2567 ita
1098 2505 1184 2568 inter
1212 2524 1248 2567 se
1276 2525 1378 2590 oppo-

215 2620 338 2678 nuntur
363 2615 397 2678 in
425 2613 637 2700 inscriptione
665 2613 852 2679 Lebadensi
877 2610 908 2680 oi
937 2607 1092 2692 ἀπιόντες
1113 2607 1215 2701 ἁρμοί
1237 2619 1281 2696 (v.
1307 2617 1377 2696 112,

219 2728 290 2808 116,
322 2725 414 2810 144),
444 2725 562 2806 ,latera
595 2725 815 2791 abscedentia‘
843 2726 984 2808 (Vitruv.
1009 2725 1035 2808 I,
1059 2728 1088 2806 2,
1113 2729 1147 2801 2;
1174 2725 1235 2807 VI,
1264 2730 1292 2803 1,
1324 2729 1377 2802 11;

216 2859 247 2924 p.
264 2840 312 2918 12,
326 2840 361 2912 2;
380 2839 451 2918 158,
465 2839 505 2900 27
522 2836 573 2903 ed.
585 2836 685 2919 Rose,
708 2838 728 2901 i.
745 2859 773 2904 e.
790 2859 891 2922 germ.
906 2837 1153 2919 ,Riiclrseiten‘),
1177 2842 1211 2902 et
1226 2831 1259 2902 οὶ
1275 2860 1378 2922 προς-

214 2943 317 3027 ιόντες
331 2940 431 3034 ἁρμοί
446 2947 489 3032 (v.
510 2950 592 3030 106),
616 2948 760 3034 lapidum
776 2955 885 3035 partes
904 2948 1071 3014 adversae.
1106 2940 1123 3013 ἁ
1146 2939 1256 3013 dccclv
1273 2940 1378 3032 ἁρμὸς

215 3060 258 3145 (v.
276 3060 352 3146 112)
384 3059 472 3125 idem
494 3066 591 3144 atque
615 3052 632 3125 ὸ
656 3052 799 3124 ὄπισθεν
821 3052 924 3146 ἁρμός
935 3067 1064 3145 tergum
1081 3059 1198 3146 lapidis
1216 3061 1376 3146 appellari

215 3173 353 3249 videtur,
377 3178 488 3237 contra
510 3163 527 3236 ὸ
552 3165 695 3258 προςιών
716 3164 820 3257 ἁρμός
836 3170 954 3258 lapidis
974 3171 1074 3236 frons.
1108 3176 1240 3257 praeter
1262 3173 1375 3256 singu-

213 3286 318 3348 lorum
346 3284 490 3370 lapidum
520 3285 624 3347 latera
650 3284 800 3348 binorum
833 3304 961 3370 quoquc
995 3284 1225 3349 commissuras
1253 3275 1376 3369 ἁρμούς

213 3403 345 3462 vocatas
370 3417 443 3462 esse
468 3401 596 3461 constat
618 3395 674 3481 (ο1.
697 3417 748 3461 vv.
767 3398 839 3476 138,
866 3399 942 3472 169;
968 3395 1067 3482 Soph.
1090 3395 1202 3480 Antig.
1226 3417 1255 3460 v.
1276 3397 1372 3458 1216:

213 3501 317 3593 ἁρμὸν
337 3504 489 3592 χώματος
510 3507 730 3596 λιθοσπαδῆ).
1363 3590 1368 3595 .

299 3621 339 3684 V.
358 3623 432 3685 103:
457 3612 689 3706 ἁστραβεῖς,
713 3612 917 3706 ἇρραγεῖς,
938 3613 1205 3703 σνμμίλτονς.
1229 3616 1373 3683 ο1.ΡΙιι1.

212 3755 291 3797 mor.
309 3754 341 3819 p.
359 3734 434 3797 780:
458 3726 563 3795 κανὼν
579 3722 745 3818 ἀστραβὴς
758 3728 815 3796 καὶ
829 3721 1059 3817 ἀδιάστροφος,
1075 3729 1190 3814 regula
1201 3750 1262 3794 nec
1275 3750 1375 3794 curva

212 3866 274 3910 ncc
286 3851 381 3924 torta,
400 3850 434 3909 et
447 3844 709 3929 Theophrastum
722 3844 755 3906 in
768 3843 844 3906 hist.
856 3844 900 3929 pl.
912 3843 944 3907 V
959 3847 985 3922 1,
1002 3845 1036 3904 11
1052 3842 1231 3906 dicentem:
1255 3834 1374 3905 ἁπασα

213 3950 265 4045 δί)
288 3951 345 4042 ὕλη
363 3994 380 4002 -
394 3994 411 4002 -
432 3947 594 4040 ὸρθονέρα
616 3952 673 4020 καὶ
697 3946 938 4039 ἁστραβεοι·έρα
962 3960 995 4018 et
1017 3954 1060 4019 ib.
1083 3953 1115 4017 V
1130 3955 1160 4034 3,
1181 3956 1213 4019 7:
1238 3990 1255 4000 -
1270 3990 1287 3999 -
1308 3953 1373 4016 τῶν

213 4066 347 4133 ἕλοιΐνοιν
369 4067 474 4154 ῥιζῶν,
498 4058 649 4151 ἁρροιγεῖς
672 4060 733 4151 γὰρ
756 4052 863 4130 οὗτοι.
910 4058 1169 4148 *σύμμιλνος,
1198 4063 1285 4148 quod
1315 4063 1372 4127 ad-

210 4181 369 4245 ieotivum
396 4200 439 4242 ex
473 4171 531 4242 σύν
557 4178 799 4264 praepositione
832 4183 865 4241 et
894 4197 978 4241 uoce
1005 4171 1121 4260 μίλτος
1156 4176 1371 4260 compositum

211 4299 369 4381 quantum
397 4291 464 4356 scio
494 4290 660 4379 alibinon
683 4290 817 4374 legitur,
845 4310 885 4352 ea
908 4288 973 4352 dici
994 4294 1105 4373 potest
1131 4309 1184 4352 res
1208 4307 1292 4371 quae
1316 4292 1373 4351 aut

211 4406 309 4471 simul
339 4426 412 4468 oum
446 4404 511 4467 alia
543 4402 707 4466 rubricata
744 4409 795 4466 est
829 4409 885 4466 aut
920 4407 989 4465 tota
1022 4401 1130 4464 colore
1163 4399 1286 4462 infecta
1315 4396 1369 4484 (ο1.

261 4523 385 4577 Fabricius,
398 4523 426 4564 ds
439 4521 587 4564 architectura
599 4520 689 4562 Graece.
1214 4517 1232 4570 5
