3310 5254
271 613 436 703 quomodo
458 615 606 705 lapidum
627 619 726 684 bases
749 617 820 704 (dg.
836 620 866 701 2,
883 621 913 700 3,
938 639 974 684 oc
996 618 1040 683 dd
1055 618 1109 704 ee)
1133 617 1200 684 sint
1222 612 1431 705 sculpendae.

270 729 459 817 redemptor
481 751 538 796 aas
560 736 667 796 rectas
691 722 812 816 (ὀρθάς
833 752 864 796 v.
886 733 961 810 103)
985 752 1047 796 nec
1071 752 1187 796 curvas
1209 752 1272 795 nec
1296 731 1433 796 rimosas

270 834 476 928 (ἆστραβεῖς,
500 834 666 929 ἀρραγεῖς)
697 841 838 908 reddere
873 849 907 908 et
936 842 1166 926 laevigationis
1195 842 1434 928 perfectionem

270 953 421 1020 rubricae
457 975 519 1040 ope
556 955 768 1041 comprobare
802 953 902 1020 debet
938 949 1180 1037 (σαμμίλτοας).
1238 954 1325 1040 quod
1370 963 1435 1039 qua'

269 1065 398 1131 ratione
407 1064 529 1130 factum
541 1087 615 1132 esse
627 1066 786 1146 videatur,
798 1066 912 1153 paucis
924 1065 1108 1152 explicabo.
1131 1065 1275 1151 lapicida
1285 1068 1434 1151 regulam

269 1171 342 1260 (τὸν
362 1170 499 1254 κανόνα)
521 1177 719 1243 rubricatam
741 1176 843 1264 lapidi
866 1176 1028 1260 admovet,
1052 1184 1089 1243 ut
1110 1177 1229 1264 lapidis
1253 1199 1336 1263 quae
1360 1186 1433 1244 tan-

270 1295 391 1374 guntur
403 1295 514 1376 partes
531 1310 645 1354 omnes
662 1291 770 1355 colore
787 1289 982 1356 inficiantur.
1016 1311 1079 1375 quo
1104 1290 1232 1375 planior
1248 1297 1300 1356 est
1314 1291 1434 1377 lapidis

270 1402 472 1489 superficies,
496 1423 535 1468 eo
551 1402 656 1467 maior
676 1403 746 1467 eius
762 1402 904 1466 inficitur
917 1424 1005 1489 pars,
1029 1403 1057 1467 si
1079 1423 1211 1489 prorsus
1229 1405 1434 1489 complanata

271 1515 343 1596 erit,
367 1520 437 1578 tum
459 1514 590 1580 demum
612 1521 683 1579 tota
705 1516 814 1581 colore
838 1515 1011 1597 inficietur,
1035 1515 1083 1579 ita
1097 1521 1134 1580 ut
1150 1515 1236 1580 iuste
1253 1509 1434 1599 σύμμιλνος

270 1625 335 1690 dici
356 1626 470 1712 possit.

356 1737 473 1824 Neque
505 1759 583 1804 roro
611 1744 681 1803 tota
712 1737 830 1824 lapidis
862 1737 953 1802 basis
989 1737 1134 1803 adhibito
1163 1738 1280 1803 eodem
1311 1738 1433 1803 instru-

269 1857 381 1916 mento
391 1850 417 1936 ¹)
429 1850 629 1936 perficienda
645 1856 706 1915 est.
730 1851 820 1914 solae
836 1871 896 1915 eae
908 1857 1020 1937 partes
1034 1872 1116 1937 quae
1137 1851 1433 1916 substructionibus

270 1965 361 2028 nullo
386 1965 491 2049 spatio
515 1963 604 2028 inani
626 1963 812 2028 intermisso
840 1962 1157 2050 superimponendae
1186 1969 1263 2028 sunt
1285 1963 1433 2027 adhibito

270 2074 488 2140 instrumento
513 2074 684 2140 subtiliore
707 2074 924 2158 laevigantur,
947 2075 1074 2159 reliqua
1097 2075 1269 2140 crassiore.
1315 2073 1431 2138 funda-

271 2192 418 2251 mentum
453 2187 540 2250 enim
573 2207 639 2250 non
676 2192 781 2251 totum
813 2208 856 2251 ex
888 2187 979 2250 saxis
1007 2186 1175 2271 quadratis
1212 2208 1271 2272 per
1303 2186 1433 2250 ordines

270 2304 422 2364 accurate
445 2298 614 2384 dispositis
645 2304 681 2362 ut
707 2298 925 2363 Parthenonis
954 2299 1201 2363 fundamentum
1230 2304 1434 2364 exstructum

270 2417 351 2477 erat.
397 2411 483 2476 inter
510 2410 757 2475 fundamentum
781 2411 834 2475 cui
862 2413 965 2476 cellae
995 2412 1104 2497 paries
1137 2412 1203 2497 (fig.
1230 2416 1257 2493 1,
1281 2414 1310 2493 2,
1335 2413 1364 2491 3,
1387 2409 1433 2494 ll)

270 2523 443 2589 insistebat
466 2529 500 2589 et
523 2524 747 2588 columnarum
771 2523 1031 2588 substructiones
1055 2523 1123 2607 (fig.
1144 2527 1158 2584 1
1178 2522 1224 2606 ss)
1250 2529 1432 2587 structurae

271 2643 494 2718 transversae,
534 2636 728 2700 coniunctae
762 2634 918 2700 exteriori
963 2641 995 2699 et
1025 2636 1173 2700 interiori
1210 2634 1431 2713 fundamento,

270 2748 461 2834 pectinatim
490 2747 671 2833 dispositae
700 2753 793 2810 erant
821 2740 1009 2831 (κρατευταί
1031 2768 1060 2810 r.
1088 2750 1157 2826 105,
1181 2746 1235 2831 fig.
1262 2751 1343 2810 1--5
1368 2747 1432 2828 aa).

271 2861 385 2946 spatiis
414 2865 523 2924 autem
553 2859 704 2924 inanibus
733 2856 899 2943 quadratis
927 2858 973 2922 ita
1001 2857 1211 2922 conformatis
1239 2857 1340 2922 rudus
1364 2857 1431 2938 (bb,

270 2961 516 3056 ὑπεαθνντηρία
540 2991 570 3034 v.
590 2967 665 3052 105)
688 2969 853 3053 ingestum
877 2974 956 3033 erat.
990 2969 1108 3054 quibus
1132 2969 1432 3034 substructionibus

270 3081 538 3168 καταστρωτῆρες
562 3102 625 3165 quo
649 3081 766 3145 melius
790 3081 918 3166 possint
940 3080 1062 3145 firmari
1085 3087 1119 3146 et
1141 3082 1324 3146 accuratius
1348 3082 1433 3146 alter

271 3193 367 3258 alteri
382 3191 540 3278 adaptari,
563 3192 609 3256 ita
625 3190 813 3278 imponendi
831 3199 914 3271 sunt,
937 3199 974 3256 ut
988 3193 1140 3257 binorum
1153 3187 1432 3281 ναναστρατήρων

272 3305 484 3392 compagines
499 3325 597 3390 supra
610 3310 774 3370 crateutas
786 3304 849 3386 (aa,
862 3305 894 3368 in
907 3305 994 3369 linea
1009 3304 1035 3368 O
1048 3343 1061 3352 -
1070 3343 1087 3374 ,-
1100 3343 1113 3352 -
1123 3305 1166 3385 D,
1180 3305 1234 3390 fig.
1248 3306 1280 3390 2)
1293 3306 1430 3370 iaceant.

222 3497 224 3502 Ι
273 3440 345 3484 eam
378 3418 466 3483 enim
488 3415 690 3481 fundamenti
720 3422 916 3482 structuram
944 3416 1032 3482 haud
1059 3438 1132 3482 raro
1160 3438 1179 3480 a
1210 3416 1346 3482 Graecis
1374 3415 1430 3480 ad-

271 3530 410 3596 hibitam
440 3552 514 3595 esse
549 3530 582 3594 in
616 3529 847 3594 commentario
883 3528 968 3592 infra
998 3528 1151 3593 adiuncto
1183 3529 1344 3616 exemplis
1376 3529 1432 3592 fir·

272 3644 368 3708 mabo
391 3641 447 3729 (ad
470 3663 499 3709 v.
527 3640 613 3727 105).
657 3640 866 3706 manifestum
894 3647 1004 3706 autem
1034 3646 1084 3705 est
1108 3641 1368 3706 substructiones
1392 3660 1431 3705 eo

272 3760 419 3841 tempore
454 3774 518 3838 quo
549 3759 726 3838 praecepta
759 3752 799 3817 dc
830 3753 947 3838 quibus
980 3752 1106 3837 agimus
1142 3753 1323 3839 composita
1357 3757 1433 3817 sunt

272 3865 435 3951 perfectas
469 3864 582 3929 fuisse.
633 3885 711 3948 ergo
752 3868 785 3928 et
819 3858 861 3927 τὰ
894 3857 1110 3948 ἐπιβαίνοντα
1144 3860 1203 3928 ἐπὶ
1239 3858 1315 3942 τοὺς
1352 3887 1432 3949 κρα-

272 3971 395 4057 τεατάς,
420 3976 548 4040 basium
571 3981 682 4062 partes
704 3997 788 4060 quac
811 3997 909 4061 supra
933 3980 1113 4039 structuras
1136 3980 1340 4042 transversas
1364 3977 1432 4041 sivo

273 4093 438 4152 crateutas
461 4085 529 4172 (aa)
553 4085 723 4168 iacebunt,
754 4087 882 4152 scilicet
910 4087 1073 4172 margines
1097 4084 1214 4150 dexter
1237 4094 1271 4152 et
1300 4089 1432 4152 sinister

274 4199 341 4288 (fig.
366 4203 385 4263 2
409 4219 446 4264 oo
471 4195 532 4284 oc),
556 4202 590 4261 et
616 4191 659 4262 τὰ
681 4192 896 4282 ἐπιβαίνοντα
926 4194 985 4262 ἐπὶ
1013 4191 1072 4285 τὴν
1099 4187 1364 4285 ὖπεαθυντηρίαν
1384 4193 1431 4288 μὴ
1489 4249 1492 4262 .

274 4355 479 4365 .-.--..--.--

345 4451 363 4520 ¹)
382 4449 416 4502 de
434 4446 626 4502 instrumentis
644 4447 771 4501 omnibus
790 4447 983 4515 disputaturus
1001 4463 1061 4500 sum
1083 4465 1109 4518 p.
1129 4447 1162 4501 67
1181 4465 1240 4515 sqq.
1259 4447 1306 4516 (ad
1323 4465 1348 4503 v.
1363 4447 1429 4514 104).
