3310 5254
754 457 967 518 ..76-

365 638 406 702 V.
433 641 509 704 107:
543 635 592 706 τὰ
614 639 715 724 μέσα
738 638 1013 728 συνψαύοντα,
1043 644 1152 709 media
1173 665 1316 737 quaese
1341 644 1440 708 attin-

277 755 367 833 gunt.
414 773 498 837 quae
520 753 619 818 dictio
644 775 718 818 cum
740 757 881 841 repetita
903 757 946 820 sit
968 778 997 823 v.
1017 759 1077 820 120
1100 757 1157 821 ubi
1180 757 1220 821 de
1244 756 1440 822 exsecandis

275 860 392 925 mediis
414 864 573 929 lateribus
597 867 714 950 agitur,
738 867 826 932 inter
849 869 983 954 opifices
1006 869 1084 933 trita
1105 869 1208 934 fuisse
1222 868 1352 933 videtur
1375 889 1441 954 qua

275 972 384 1038 media
406 976 588 1041 excidenda
610 977 831 1064 designarent.
1356 965 1360 972 ’

363 1120 404 1184 V.
420 1124 495 1186 109:
513 1123 737 1190 animadverte
752 1126 814 1189 hoc
828 1126 900 1189 loeo
913 1126 1048 1210 regulae
1064 1125 1272 1189 latitudinem
1287 1118 1441 1203 πλάτος

275 1233 404 1315 vocari,
432 1235 516 1298 infra
538 1257 568 1299 v.
596 1228 656 1300 '135
679 1229 817 1318 πάχος.
863 1237 909 1301 ita
930 1259 960 1302 v.
987 1239 1047 1300 112
1074 1237 1235 1301 voeabula
1256 1231 1383 1315 πλάτος
1406 1243 1440 1302 et

278 1338 388 1428 βάθος
410 1346 588 1411 excisionis
616 1349 648 1411 in
676 1348 785 1412 media
813 1348 886 1413 basi
917 1349 1023 1413 factae
1046 1348 1285 1434 longitudinem
1308 1354 1341 1413 et
1363 1349 1439 1413 lati-

277 1460 424 1526 tudinem
449 1462 643 1547 significant.
680 1485 756 1528 nam
779 1484 876 1548 quam
900 1465 967 1528 alta
989 1464 1108 1550 lapidis
1130 1464 1291 1550 particula
1307 1463 1439 1528 exscul-

277 1572 383 1654 penda
396 1574 447 1653 sit,
463 1596 492 1640 v.
509 1579 570 1638 114
581 1597 627 1660 sq.
644 1575 805 1640 definitur.
830 1576 869 1640 cf.
884 1575 1012 1641 Schdne
1025 1576 1059 1639 in
1070 1575 1184 1640 Herm.
1200 1575 1264 1639 vol.
1277 1574 1326 1638 IV
1341 1597 1372 1660 p.
1386 1577 1438 1640 40.

362 1710 403 1776 V.
435 1715 494 1776 110
519 1734 604 1798 sqq.:
633 1705 889 1797 ὗντοτέμνειν,
922 1716 1038 1779 subtus
1069 1735 1198 1794 secare,
1232 1714 1439 1798 exsculpere,

278 1827 312 1886 et
340 1815 549 1913 ὕποτομή,
579 1826 721 1907 excisio,
753 1828 914 1891 voeabula
941 1827 982 1890 ab
1005 1827 1078 1890 aliis
1103 1826 1253 1890 similiter
1276 1830 1373 1909 atque
1398 1845 1439 1889 eo

275 1934 392 2020 dequo
409 1936 537 2020 agimus
551 1938 624 2001 loco
638 1943 795 2024 usurpata
811 1959 877 2002 non
890 1938 1033 2003 invenio.
1056 1931 1228 2025 κατατομή
1242 1937 1439 2000 Philochoro

275 2048 438 2131 praecisio
462 2053 513 2112 est
535 2047 823 2134 (,schnittflaehe‘)
846 2052 919 2114 loco
941 2072 970 2135 q.
987 2051 1010 2113 l.
1033 2049 1119 2136 apud
1141 2049 1439 2134 Harpocrationem

275 2179 306 2243 p.
334 2160 390 2221 171
416 2158 529 2223 Dind:
554 2157 729 2247 ἐνέγραψεν
753 2158 811 2226 ἐπὶ
833 2156 893 2250 τὴν
914 2156 1105 2250 κατατομὴν
1126 2161 1186 2248 τῆς
1207 2158 1340 2246 πέτρας,
1365 2161 1438 2224 saxi

275 2271 471 2355 praecisioni
500 2273 676 2359 inscripsit.
727 2279 856 2338 constat
884 2274 971 2338 inter
1003 2295 1116 2338 omnes
1151 2270 1277 2357 τέμνειν
1308 2273 1438 2357 (παρα-

275 2378 410 2464 τέμνειν,
435 2374 638 2467 ἇνατέμνειν)
655 2385 794 2449 verbum
810 2385 851 2449 de
868 2385 1029 2470 lapicidae
1054 2384 1224 2471 sculpendi
1241 2405 1339 2470 opere
1364 2405 1438 2448 sae-

276 2494 410 2579 pissime
434 2501 467 2560 et
490 2496 746 2581 ascriptoribus
777 2498 867 2560 etin
890 2497 994 2561 titulis
1018 2497 1177 2563 adhiberi.
1222 2497 1256 2560 in
1278 2497 1438 2560 laterculo

276 2627 411 2692 operum
426 2608 645 2692 perfectorum
662 2608 703 2672 ad
715 2608 936 2673 Erechtheum
951 2609 1169 2694 spectantium
1181 2606 1366 2692 (Michaelis
1376 2609 1397 2671 l.
1409 2630 1438 2672 ο.

275 2719 324 2782 tit.
352 2719 403 2801 19)
428 2726 675 2784 enumerantur:
707 2723 845 2805 ysico..
866 2720 938 2785 λεῖα
961 2717 1207 2807 έκττεττοιημένα
1237 2712 1312 2784 doen
1334 2743 1439 2784 κατα·

275 2829 379 2918 τομῆς
398 2830 497 2913 (ο1.ΙΙ
512 2852 539 2894 v.
554 2834 605 2913 27,
619 2835 676 2908 52;
694 2833 741 2897 tit.
758 2836 825 2896 lla
841 2854 857 2896 c
871 2854 900 2896 v.
919 2837 966 2910 11,
984 2835 1046 2914 13),
1068 2832 1154 2917 quod
1164 2832 1324 2896 Miillerus
1342 2853 1439 2916 quem

276 2941 463 3006 Boeckhius
477 2949 510 3007 et
523 2943 714 3008 Newtonius
732 2945 836 3008 secuti
852 2949 927 3008 sunt
941 2944 993 3008 his
1007 2943 1183 3030 explicavit
1195 2944 1319 3008 verbis:
1341 2943 1439 3024 ,λεῖον

276 3057 426 3119 ποιεῖται
457 3056 485 3119 si
508 3077 647 3122 coronae
678 3057 780 3121 facies
804 3058 902 3142 plana
931 3057 1078 3121 caeditur
1107 3061 1140 3120 et
1168 3056 1300 3141 cymatii
1323 3062 1436 3119 rotun-

277 3164 365 3230 datio
388 3167 565 3244 indicatur;
599 3166 749 3252 τέμνεται
774 3170 800 3233 si
824 3169 970 3233 membra
999 3169 1126 3253 singula
1149 3168 1282 3248 simale,
1305 3167 1437 3248 nudata,

278 3278 429 3364 supinata
445 3280 487 3342 ad
502 3301 648 3344 normam
665 3281 821 3367 cuiusque
846 3287 878 3344 et
902 3280 1058 3344 amussim
1075 3279 1260 3364 exiguntur‘
1279 3277 1332 3362 (cf.
1351 3278 1435 3343 OIG.

275 3390 293 3455 I
309 3414 340 3476 p.
357 3391 443 3478 285).
482 3386 569 3479 τομή
584 3398 617 3456 et
632 3391 752 3478 lapidis
777 3392 898 3477 sculpti
922 3392 1130 3478 superficiem
1150 3389 1437 3477 (,Sehnittflache‘)

278 3509 311 3568 et
333 3504 440 3589 ipsum
464 3504 635 3589 sculpendi
658 3525 739 3590 opus
764 3504 936 3588 significat.
982 3503 1022 3569 cf.
1046 3503 1148 3567 Thuc.
1173 3503 1191 3566 I
1214 3506 1270 3567 93:
1302 3497 1438 3588 μεγάλοι

276 3611 371 3680 λίθοι
393 3613 451 3680 καὶ
477 3613 511 3680 έν
538 3615 623 3702 τομῇ
645 3609 791 3701 ε’γγώνιοι
828 3621 861 3680 et
887 3615 971 3678 titul.
996 3615 1153 3679 Troezen.
1184 3614 1270 3701 apud
1292 3613 1437 3679 LeBas-

276 3727 419 3792 Foueart
443 3730 532 3791 157a
554 3748 584 3794 v.
609 3729 642 3791 8:
671 3720 768 3813 τι]μὰ
790 3723 850 3790 ἐστὶ
871 3726 914 3813 τᾷ
935 3726 1022 3813 τομᾷ
1044 3727 1103 3791 τοῦ
1125 3720 1327 3811 στολοβοὶτοο
1351 3733 1436 3790 etv.

278 3842 334 3903 52:
358 3833 511 3926 έργώναις
533 3839 638 3923 τομᾶς
659 3839 719 3904 τοῦ
741 3833 971 3926 στρώμ[ατος].

363 3977 403 4041 V.
423 3979 499 4040 113:
522 3971 710 4053 nehelescol
728 3972 806 4061 περὶ
822 3975 887 4040 τῶν
901 3969 1030 4059 βάσεων
1045 3972 1236 4060 γέγραπται,
1262 3977 1301 4040 cf.
1317 3997 1346 4041 v.
1367 3977 1437 4040 103.

364 4113 405 4179 V.
425 4116 499 4177 114:
522 4107 709 4194 χάλασμα
724 4111 932 4175 intervallum
950 4118 1002 4176 est
1017 4112 1102 4176 inter
1118 4111 1201 4176 duos
1218 4113 1344 4198 lapides
1367 4113 1436 4177 sive

279 4232 457 4291 structuras
489 4224 699 4310 compactiles
729 4222 826 4286 inane
863 4222 949 4306 quod
971 4222 1142 4287 Vitruvius
1170 4224 1220 4287 IV
1244 4227 1272 4304 7,
1296 4229 1315 4288 4
1344 4226 1437 4290 laxa-

278 4340 403 4404 tionem
425 4343 530 4402 vocat.
575 4335 733 4420 Polybius
748 4333 868 4398 XVIII
893 4336 941 4414 13,
966 4337 985 4398 8
1007 4329 1161 4418 χάλασμα
1183 4333 1240 4401 καὶ
1265 4330 1438 4402 διάστασιν

278 4444 426 4540 ἀλλήλοιν
442 4449 583 4536 spatium
600 4469 739 4512 vacuum
758 4446 844 4510 inter
859 4446 980 4511 milites
999 4447 1034 4510 in
1050 4447 1121 4512 acie
1139 4453 1263 4513 stantes
1282 4450 1436 4534 appellat.
