3310 5254
690 441 903 501 -47-

215 623 409 711 περιτένοια,
435 627 628 712 laevigando
645 627 679 691 in
695 632 821 692 tantum
844 625 1009 691 dilatanda
1033 625 1094 692 fuit
1110 633 1266 713 quantum
1284 648 1377 692 cura·

214 742 304 802 tores
321 739 481 822 iuberent,
505 741 630 824 reliqua
653 761 736 824 quae
760 739 930 804 restabant
952 759 1069 824 aspera
1092 737 1209 823 (germ.
1226 739 1377 804 Arbeits·

215 850 292 934 noll)
333 851 555 936 praecidenda
587 852 729 916 fuerunt.
796 850 932 914 dilatata
965 845 1149 937 περιτενείᾳ
1190 856 1223 914 et
1257 851 1376 915 tabulis

216 983 357 1048 superne
381 964 539 1049 praecisis
563 946 708 1028 coronae¹
725 963 943 1049 imponendae
966 968 1069 1028 erant.

267 1155 271 1165 .
301 1074 348 1138 At
373 1074 541 1140 videamus
574 1097 657 1161 quae
687 1082 867 1160 sequuntur
890 1096 919 1138 v.
945 1076 984 1137 70
1008 1094 1095 1158 sqq.:
1128 1070 1231 1153 ἐξελεῖ
1257 1071 1293 1138 δὲ
1320 1073 1378 1140 καὶ

214 1178 256 1248 τὰ
279 1181 405 1268 δέματα
426 1180 468 1250 τὰ
491 1179 680 1273 ὑπάρχοντα
702 1183 735 1251 ἒν
756 1188 830 1263 ταῖς
852 1179 988 1273 στήλαις
1011 1178 1074 1249 ὅσα
1097 1177 1136 1249 δν
1158 1177 1296 1273 ὑπερέχῃ
1319 1185 1376 1251 καὶ

215 1291 321 1384 κωλύῃ
344 1290 444 1364 αὐτὸν
466 1296 499 1363 ἐν
521 1299 561 1386 τῇ
583 1296 731 1385 ἐπικοπῇ
752 1295 810 1362 καὶ
832 1291 955 1385 τρήσας
976 1291 1146 1381 βαθύτερα
1168 1292 1377 1383 καθαρμόσει

214 1406 271 1472 καὶ
299 1404 636 1498 περιμολοβδοχοήσει
673 1404 826 1492 δοκίμως.
879 1409 971 1474 vides
1002 1409 1132 1472 tabulas
1158 1409 1297 1474 uinculis
1326 1411 1376 1475 in-

215 1521 325 1585 missis
353 1523 439 1587 inter
463 1545 497 1587 se
522 1524 702 1608 conligatae
726 1523 838 1587 fuisse.
877 1521 1063 1607 redemptor
1087 1521 1174 1585 enim
1196 1522 1326 1586 vincula
1349 1524 1377 1588 si

215 1653 298 1717 quae
322 1635 546 1718 prominerent
570 1640 602 1698 et
626 1655 700 1698 eum
724 1635 758 1697 in
773 1633 991 1718 praecidendo
1014 1632 1210 1718 impedirent
1230 1633 1376 1698 eximere

215 1750 249 1808 et
282 1745 496 1810 foraminibus
534 1747 705 1810 altioribus
739 1745 834 1810 factis
870 1745 977 1810 denuo
1014 1745 1190 1810 immittere
1222 1744 1375 1813 debebat.

214 1856 324 1941 itaque
343 1859 553 1922 manifestum
570 1863 620 1922 est
642 1851 684 1922 τὰ
700 1853 826 1940 δέματα
849 1857 883 1920 in
906 1857 1091 1920 tabularum
1107 1856 1190 1920 facie
1211 1857 1375 1921 exteriore

215 1991 356 2055 superne
386 1964 485 2056 (κατὰ
514 1964 670 2058 κεφαλήν)
701 1969 844 2034 demissa
871 1969 972 2033 fuisse
1003 1967 1057 2053 (cf.
1085 1968 1152 2033 tab.
1182 1969 1298 2033 adiect.
1322 1969 1376 2053 fig.

216 2081 335 2166 6‚aa).
380 2104 463 2168 quae
492 2079 633 2165 δέματα,
664 2081 722 2145 ubi
747 2103 885 2147 coronae
917 2081 1037 2146 tabulis
1068 2081 1241 2168 impositae
1274 2087 1376 2162 erant,

215 2195 360 2280 conspici
382 2195 535 2258 nimirum
557 2194 746 2280 nequibant.
790 2194 866 2259 inde
896 2200 1076 2259 statuamus
1100 2199 1228 2280 oportet
1250 2190 1376 2276 δέμαοα

214 2325 366 2369 ansarum
397 2305 595 2391 simplicium
623 2305 724 2370 fuisse
748 2305 861 2370 forma.
917 2326 1056 2391 cumque
1085 2301 1220 2390 θριγκοί
1251 2305 1302 2370 bis
1326 2305 1375 2370 di-

215 2423 329 2482 cautur
358 2415 421 2502 (vv.
446 2420 487 2480 80
511 2439 557 2502 sq.
588 2423 621 2482 et
644 2419 699 2499 84)
728 2413 892 2499 δεδεμένοι
922 2411 1007 2482 κατὰ
1037 2410 1195 2505 κεφαλήν,
1226 2422 1375 2503 apertum

214 2535 266 2593 est
289 2549 426 2593 coronas
455 2549 583 2613 quoque
615 2529 700 2592 inter
724 2549 759 2592 se
784 2529 965 2614 conligatas
989 2528 1091 2592 fuisse
1121 2529 1210 2592 ansis
1234 2551 1375 2614 superne

214 2640 366 2705 demissis
402 2639 468 2726 (fig.
492 2642 522 2720 6,
547 2640 619 2725 oc).
669 2641 775 2704 locum
813 2640 901 2703 enim
930 2661 1028 2725 supra
1063 2637 1263 2725 descriptum
1293 2640 1374 2705 haee

214 2759 395 2837 sequuntur
421 2773 450 2815 u.
484 2753 523 2814 72
555 2771 618 2837 sq.:
657 2748 793 2835 ἐμβαλεῖ
829 2747 866 2816 δὲ
898 2748 956 2815 καὶ
986 2747 1019 2829 ἒς
1050 2745 1185 2829 τούτους
1217 2749 1275 2836 (sc.
1298 2747 1375 2832 τοὺς

213 2858 383 2950 θριγκοὺς)
400 2857 548 2950 γόμφους
561 2860 644 2948 (καὶ)
662 2858 788 2945 δέματα
803 2860 861 2928 καὶ
873 2857 1218 2951 περιμολοβδοχοήοει.
1243 2870 1375 2950 praeter

213 2998 310 3042 ansas
335 2976 463 3041 coronis
479 2969 602 3062 γόμφοι
626 2996 754 3060 quoque
777 2975 974 3040 immittendi
992 2982 1084 3040 erant
1100 2976 1216 3061 quibus
1233 2998 1374 3042 coronae

214 3111 288 3154 cum
322 3089 443 3153 tabulis
481 3088 638 3152 subiectis
679 3093 929 3153 conecterentur
960 3089 1028 3174 (fig.
1051 3091 1081 3164 6,
1106 3088 1175 3174 bb).
1231 3090 1374 3155 artifices

215 3203 302 3267 enim
341 3200 461 3265 Graeci
499 3200 713 3286 complurium
751 3199 914 3265 coriorum
949 3201 1018 3266 sive
1051 3194 1161 3284 δόμων
1194 3207 1373 3266 structuras

213 3315 353 3380 vinculis
376 3313 492 3377 ferreis
516 3316 548 3376 et
575 3311 708 3397 plumbo
733 3311 778 3376 ita
800 3311 1008 3398 compingere
1033 3313 1199 3390 solebant,
1228 3319 1265 3378 ut
1286 3314 1372 3378 binis

213 3427 379 3512 lapidibus
410 3423 557 3491 eiusdem
585 3423 664 3488 corii
691 3445 787 3488 ansas
817 3445 956 3509 superne
990 3425 1218 3506 immitterent,
1253 3424 1372 3490 deinde

215 3544 389 3624 antequam
425 3536 571 3601 ordinem
606 3536 808 3621 superiorem
841 3542 1003 3624 ponerent
1038 3537 1072 3600 in
1102 3536 1264 3600 inferioris
1294 3537 1373 3602 corii

214 3651 341 3737 lapides
365 3650 512 3734 singulos
534 3649 642 3712 claves
659 3649 824 3734 simplices
849 3649 994 3729 (‚ferrum
1010 3647 1152 3734 planum'
1175 3648 1209 3712 in
1223 3650 1287 3732 leg.
1303 3669 1373 3734 par.

213 3751 365 3826 faciundo
391 3761 451 3825 col.
476 3759 511 3822 ΙΙ
534 3780 561 3823 v.
579 3760 613 3842 5)
638 3758 859 3839 demitterent,
883 3759 916 3822 in
939 3759 1071 3824 basibus
1096 3765 1205 3823 autem
1228 3759 1372 3846 lapidum

215 3896 327 3939 eorum
344 3874 398 3958 qui
417 3871 457 3935 ad
476 3871 678 3957 superiorem
700 3870 822 3935 corium
835 3871 1039 3964 pertinerent
1055 3871 1214 3936 foramina
1226 3871 1373 3938 lacerent

215 3985 359 4050 clavibus
389 3985 453 4048 illis
486 3988 607 4069 aptata.
653 3982 783 4045 vincula
811 3983 933 4064 omnia,
964 3984 1019 4048 ubi
1048 3982 1174 4069 lapides
1205 4005 1286 4070 quos
1317 4006 1371 4050 eo-

213 4097 390 4162 nectebant
407 4095 694 4181 compositionem,
713 4093 746 4156 in
766 4093 849 4158 facie
863 4095 1024 4161 exteriore
1042 4115 1108 4158 non
1121 4096 1323 4180 apparebant
1334 4098 1371 4183 l).

285 4288 304 4352 ¹)
323 4283 356 4339 cf.
373 4284 470 4347 Conna,
488 4281 603 4344 Hauser,
621 4281 769 4345 Bcnndorf‚
788 4282 953 4336 Untersuob.
973 4283 1024 4335 auf
1038 4282 1221 4336 Samothrake
1238 4300 1266 4351 p.
1278 4283 1312 4336 39
1324 4283 1371 4353 fig.

214 4373 246 4425 la
266 4373 294 4443 et
312 4390 339 4440 p.
357 4372 390 4425 41
409 4371 456 4441 fig.
475 4371 519 4433 15;
541 4369 635 4433 burm,
654 4368 811 4422 Handbuch
830 4369 856 4423 d.
876 4369 1059 4423 Architektur
1077 4369 1105 4422 II
1125 4371 1136 4422 l
1156 4386 1183 4437 p.
1197 4369 1244 4431 57;
1264 4368 1371 4423 Schbns

213 4457 306 4512 Herm.
324 4457 371 4512 IV.
390 4476 417 4527 p.
436 4457 469 4511 39
488 4457 581 4510 annot.
604 4457 625 4509 l.
