3310 5254
715 430 930 492 ..33-

243 621 412 680 struuntur
441 636 541 703 opera
575 638 674 701 quae,
707 638 779 682 cum
810 615 851 680 ab
879 616 971 680 initio
1003 636 1069 679 non
1098 619 1250 679 accurate
1280 611 1409 677 definiri

242 727 384 814 possint,
418 727 524 813 pretio
559 729 735 792 constituto
774 749 839 792 non
874 728 1032 793 locantur.
1089 725 1129 791 de
1167 725 1219 790 his
1252 724 1406 811 operibus
1520 807 1522 812 ,

242 839 448 926 paragrapho
464 839 637 904 undecima
652 839 761 924 agitur
770 837 808 924 ¹),
829 837 915 902 unde
938 837 1155 924 perspicimus
1176 857 1235 922 pro
1253 836 1407 921 operibus

244 952 417 1016 subsicivis
445 950 646 1037 redemptori
675 950 821 1016 debitum
849 951 991 1037 pretium
1020 943 1072 1031 (τὸ
1096 941 1281 1034 γιγνόμενον
1303 939 1408 1034 αὐτῷ)

244 1084 310 1128 non
339 1065 372 1126 in
404 1069 612 1128 antecessum
642 1063 701 1128 sed
731 1085 830 1149 opere
860 1063 979 1128 effecto
1014 1063 1105 1128 solvi.
1156 1060 1296 1146 denique
1324 1053 1409 1125 ὓπο-

243 1170 415 1264 τιμήματα
445 1197 528 1260 quae
559 1196 617 1263 pro
640 1176 730 1262 poris
761 1197 781 1240 a
811 1176 1019 1262 redemptore
1048 1173 1264 1261 suppeditatis
1294 1179 1328 1238 et
1349 1194 1408 1260 pro

244 1289 364 1353 litteris
387 1287 568 1353 incidendis
591 1286 794 1374 penduntur,
823 1294 913 1352 certa
935 1288 1042 1374 pretia
1063 1309 1084 1351 a
1107 1285 1311 1351 curatoribus
1334 1306 1409 1372 pro-

246 1401 365 1488 posita,
389 1399 621 1486 distinguenda
635 1407 710 1465 sunt
733 1401 773 1465 ab
790 1401 830 1464 iis
847 1401 961 1487 pretiis
986 1400 1102 1486 quibus
1119 1398 1307 1485 redemptor
1329 1419 1411 1484 opus

246 1515 356 1579 licitus
391 1520 443 1579 est
465 1513 490 1599 ).
549 1534 633 1598 quae
667 1535 740 1578 cum
768 1513 814 1578 ita
843 1514 923 1596 sint,
956 1514 1042 1579 hanc
1069 1513 1229 1578 habemus
1264 1509 1411 1577 solvendi

247 1627 425 1691 rationem:
842 1637 844 1642 ·

293 1738 324 1824 1)
347 1739 508 1802 locantur:
525 1758 554 1803 a.
579 1757 660 1823 opus
685 1737 875 1802 universum
897 1731 993 1825 ,πρὸς
1014 1731 1152 1818 χαλκόνι,

519 1850 551 1916 b.
575 1850 707 1915 tabulae
731 1856 763 1915 et
786 1871 925 1916 coronae
949 1848 1157 1936 sculpendae‚
1180 1847 1383 1914 statuendae.

292 1961 326 2048 2)
350 1963 490 2049 pretium
502 1984 560 2048 pro
575 1962 727 2049 operibus
741 1963 867 2027 effectis
881 1963 1016 2027 solvitur
1029 1955 1080 2046 (ab
1093 1955 1285 2048 γιγνόμενον,
1299 1981 1329 2024 v.
1342 1961 1410 2041 63);

522 2096 549 2140 c.
574 2096 709 2162 operum
733 2074 986 2156 subsicirorum,
1011 2074 1301 2153 substructionum,
1329 2073 1423 2137 alio-¹

575 2208 711 2271 rumque
736 2186 776 2251 de
801 2187 918 2272 quibus
942 2186 1050 2271 agitur
1072 2186 1091 2263 ὅ
1110 2190 1146 2249 11
1173 2190 1206 2250 01
1229 2186 1312 2263 §12

295 2297 327 2381 3)
351 2299 493 2384 pretium
516 2319 536 2362 a
559 2298 763 2363 curatoribus
787 2300 820 2362 in
843 2304 1049 2364 antecessum
1067 2299 1279 2363 constitutum
1302 2303 1366 2362 est:

522 2408 551 2474 d.
575 2429 731 2495 pororum
753 2408 898 2494 lapidum
922 2431 1004 2494 quos
1027 2408 1216 2494 redemptor
1229 2408 1412 2495 praebebit,

526 2541 554 2584 c.
578 2520 770 2585 litterarum.

251 2632 411 2719 pecuniae
434 2631 611 2718 pensiones
636 2653 700 2716 qua
722 2632 846 2695 rationo
869 2631 959 2714 fiant,
984 2631 1160 2718 exponitur
1183 2631 1269 2709 §lb
1313 2653 1412 2718 poros

252 2747 368 2832 quibus
412 2747 672 2811 substructiones
709 2747 919 2811 struebantur
963 2746 1203 2833 redemptores,
1242 2746 1413 2810 meliorem

251 2859 423 2925 materiam
454 2859 639 2923 tabularum
670 2863 703 2923 et
726 2879 918 2923 coronarum
953 2864 1120 2923 curatores
1149 2857 1412 2945 suppeditabant.

251 2993 424 3038 mensurae
449 2978 559 3037 autem
583 2991 736 3036 saxorum
758 2992 816 3057 pro
847 2970 964 3056 quibus
987 2971 1105 3056 quinae
1129 2971 1302 3036 drachmae
1348 2972 1414 3036 sol·

253 3088 373 3148 runtur
395 3083 429 3146 in
453 3081 724 3146 antecedentibus
748 3080 901 3147 definitae
925 3088 1027 3147 erant.

253 3253 316 3313 toric
326 3253 458 3323 θριγκούς
469 3284 483 3293 -
497 3254 572 3312 -Jori
587 3255 650 3305 ἴσου
668 3249 734 3305 ὅσον
753 3249 787 3305 ἄν
803 3250 850 3304 καὶ
865 3254 892 3306 οἱ
908 3252 997 3306 λοιποὶ
1018 3251 1140 3324 εὕρωσιν.
1169 3254 1225 3308 Ubi
1243 3255 1270 3306 οἱ
1287 3253 1375 3306 tornat
1393 3252 1415 3306 ii

254 3341 319 3394 sunt
335 3338 446 3413 θριγκοὶ
464 3338 499 3393 de
518 3338 619 3408 quibus
637 3339 698 3392 loco
723 3337 757 3392 de
780 3355 835 3406 quo
858 3338 967 3408 agimus
990 3338 1075 3393 verba
1097 3339 1177 3393 fiunt.
1214 3337 1321 3408 sipiritu
1344 3337 1415 3406 (1.1.

253 3424 398 3496 ὁμαλότης)
417 3441 451 3478 ex
468 3424 599 3495 analogia
616 3424 692 3479 vocis
713 3419 857 3493 ἀνωμαλία
875 3425 981 3479 1010000
999 3425 1095 3480 fictum
1113 3427 1162 3480 est.
1193 3424 1237 3493 (In
1254 3423 1354 3493 glossis
1373 3425 1415 3478 est

257 3509 367 3581 ‚sparta
384 3510 559 3580 planitudo‘.)

325 3595 403 3664 1)1’ν
420 3597 588 3668 προςέργῳ
606 3596 741 3666 ποιήσει
760 3599 795 3664 (v.
814 3596 850 3665 8).
887 3597 964 3655 civ.
983 3597 1029 3650 62:
1055 3594 1104 3648 ἐὰν
1122 3595 1154 3648 δέ
1170 3613 1196 3648 τι
1213 3594 1364 3668 πρόςεργον
1382 3594 1416 3664 δῇ

253 3682 386 3750 γενέσθαι
412 3683 558 3753 συμφέρον
584 3684 623 3752 τῷ
648 3679 732 3754 ἔργῳ,
764 3681 857 3750 siquid
891 3699 960 3750 opus
987 3681 1157 3736 subsicivum
1184 3681 1258 3750 quod
1286 3682 1415 3735 universo

255 3766 333 3836 operi
360 3766 449 3837 prosit
472 3767 531 3820 fieri
559 3783 669 3820 necesse
697 3767 758 3821 erit.
799 3785 824 3820 v.
849 3769 898 3821 131
923 3783 976 3820 vox
1002 3765 1153 3837 πρόςεργον
1179 3765 1282 3820 iterum
1312 3768 1417 3838 legitur

202 3869 203 3872 ’
255 3853 304 3906 ubi
330 3852 360 3906 ni
381 3853 464 3906 fallor
489 3867 522 3904 ea
543 3851 646 3921 lapidis
664 3852 803 3921 particula
824 3851 856 3905 τό
877 3852 1028 3924 πρόςεργον
1044 3855 1161 3907 vocatur
1183 3870 1268 3921 quam
1288 3853 1417 3908 hodierni

257 3938 438 4004 ‚Arbeitszoll‘
458 3937 563 3992 dicunt.

326 4027 347 4092 ²)
366 4023 565 4094 v‘noripsrppsu
584 4025 619 4094 (v.
630 4025 666 4092 9).
688 4024 827 4095 ὑποτιμᾶν
844 4024 959 4079 verbum
977 4024 1118 4095 significat
1135 4025 1244 4094 aliquid
1262 4027 1417 4093 aestimare,

256 4110 379 4181 pretium
397 4109 516 4164 alicuius
534 4110 574 4163 rei
591 4109 722 4165 indicere.
760 4110 793 4165 ct'.
812 4110 927 4165 Aristot.
947 4111 1047 4166 Oecon.
1083 4111 1167 4164 1135:
1187 4111 1249 4171 roric
1266 4111 1297 4164 δὲ
1315 4113 1419 4186 φόρους

255 4196 428 4269 πράσσεσθαι
447 4195 576 4262 ἐκέλευεν,
595 4193 660 4248 ὅσου
674 4192 751 4249 αὐτοὶ
763 4196 975 4266 ὁπετιμήσαντο.
1003 4196 1101 4265 itaque
1113 4196 1289 4269 *ὁποτίμημα
1302 4202 1344 4253 011
1356 4217 1417 4269 pre-

255 4282 328 4335 tium
352 4299 369 4334 a
392 4282 565 4336 curatoribus
587 4283 766 4336 aestimatum
785 4284 813 4336 et
831 4283 1004 4353 propositum
1027 4284 1187 4353 (Ansahlag‚
1208 4283 1417 4355 Voranschlag).

256 4368 379 4437 pretium
402 4385 457 4436 quo
479 4369 639 4440 redemptor
656 4387 725 4439 opus
743 4368 902 4424 faciendum
923 4370 1017 4444 licitus
1042 4372 1084 4423 cst
1106 4370 1369 4440 (Zuschlagsumme)
1387 4371 1418 4424 in

256 4454 441 4508 instrumento
460 4454 572 4510 Deliaco
592 4453 707 4525 ἅλφημα
725 4457 849 4510 vocatur.

308 4557 431 4610 Fabricius,
446 4558 473 4598 ds
487 4558 633 4600 architectura
646 4558 736 4601 Graeca,
1247 4560 1264 4612 3
