3310 5254
681 427 895 493 ,79-

206 640 299 685 verse
315 618 455 684 incisum
479 620 548 686 sive
571 621 803 707 transcriptum
828 641 912 686 esse.
932 657 974 668 —
993 626 1140 684 extremo
1164 641 1193 684 v.
1210 618 1268 684 128
1293 614 1370 703 quid

207 733 363 819 scriptum
385 733 485 797 fuerit
506 734 630 798 nescio.
654 733 806 798 desidero
825 740 935 796 eutem
952 731 1120 795 notionem
1135 751 1218 815 ques
1234 751 1371 816 respon·

206 845 282 909 dest
303 845 414 910 uerbis
430 867 460 909 v.
479 848 540 909 129
557 851 640 911 extr.
663 845 722 910 τοῦ
745 838 945 930 προδόμ[σα,
970 864 1033 928 quc
1057 843 1188 928 quidem
1210 839 1370 927 πτέρωμα

206 957 275 1020 sive
298 951 419 1041 πτερόν
434 957 646 1041 significetur.
678 978 708 1022 v.
725 959 785 1020 129
806 962 890 1020 extr.
905 956 1046 1019 sortasse
1067 951 1126 1020 ἐπὶ
1142 952 1212 1041 τῆς]
1229 954 1372 1041 ίμανηᾶς

205 1067 349 1153 πλευρᾶς
363 1068 600 1133 restituendum
623 1076 692 1145 est;
714 1070 803 1133 linea
815 1068 901 1132 enim
917 1067 1066 1132 ducenda
1079 1074 1149 1131 erat
1172 1068 1205 1130 ni
1221 1066 1317 1130 fallor
1338 1067 1372 1129 in

205 1186 298 1264 parte
314 1179 493 1244 meridiane
507 1181 653 1266 lepidum
669 1180 787 1265 quibus
803 1180 918 1265 templi
933 1179 1134 1244 vestibulum
1149 1185 1273 1242 tectum
1290 1185 1370 1242 eret.

290 1291 332 1356 V.
359 1293 430 1357 128.
454 1290 495 1356 de
522 1291 666 1356 funiculo
690 1291 745 1376 qui
768 1287 854 1378 λινέη
877 1289 992 1376 (linea)
1016 1290 1048 1353 h.
1071 1290 1093 1356 l.
1118 1297 1252 1355 vocetur
1274 1311 1373 1377 supro

206 1403 349 1467 diximus
371 1426 403 1489 p.
429 1407 478 1467 72.

291 1515 332 1580 V.
359 1517 435 1577 131:
465 1508 503 1579 τὸ
526 1509 702 1601 πρόςερμον
726 1510 776 1602 [τὸ
799 1507 970 1601 ὕπάρχΗσν
991 1515 1130 1579 fortasse
1154 1514 1371 1600 supplendum

206 1633 267 1692 est.
313 1627 508 1692 vocabulum
537 1620 714 1712 πρόςεργον
741 1633 873 1712 praeter
900 1626 986 1690 huuc
1006 1627 1116 1690 locum
1146 1627 1197 1691 bis
1219 1627 1253 1690 in
1275 1628 1370 1691 titulo

205 1739 290 1803 redit
312 1760 363 1806 vv.
387 1741 406 1803 8
430 1745 464 1804 et
486 1742 537 1820 62,
560 1740 617 1803 ubi
639 1732 814 1824 πρόςεργσν
838 1757 911 1802 esse
939 1758 1021 1824 opus
1050 1738 1250 1803 subsicivum
1273 1760 1372 1825 supra

204 1851 415 1936 probavimus
437 1873 469 1936 p.
493 1853 543 1914 33.
594 1852 667 1915 loco
699 1850 739 1915 de
767 1871 830 1935 quo
862 1851 989 1935 agimus
1016 1845 1054 1916 τὸ
1084 1843 1260 1936 πρόςεργον
1289 1851 1372 1915 nihil

204 1962 293 2027 eliud
317 1983 391 2026 esse
414 1969 526 2048 potest
548 1963 612 2026 nisi
635 1961 753 2048 lepidis
777 1983 852 2048 pers
874 1961 1039 2027 subsiciva
1060 1984 1144 2048 quse
1162 1963 1251 2026 liuee
1273 1962 1371 2028 ducta

204 2076 290 2138 ultra
305 2095 489 2138 mensuram
507 2075 729 2138 necessariam
745 2080 848 2138 restet
863 2073 978 2160 (germ.
992 2073 1209 2158 ‚Wcrkzoll‘).
1243 2074 1370 2161 lapides

206 2187 291 2250 enim
320 2187 375 2272 qui
402 2185 444 2250 ed
469 2187 612 2272 priorem
643 2185 791 2250 ordinem
815 2188 1022 2273 spectabant,
1052 2187 1198 2273 pertibus
1222 2187 1370 2252 adversis

206 2298 336 2362 omnino
359 2318 424 2362 non
448 2299 583 2384 sculptis
606 2303 643 2361 ut
666 2319 764 2383 supro
787 2299 926 2384 exposui
950 2299 1101 2362 collocati
1124 2305 1225 2364 erent.

289 2410 331 2474 V.
352 2413 428 2474 132:
452 2433 515 2496 sp:
538 2407 679 2496 noricir
701 2406 855 2498 π·άντα]Ι
879 2403 1001 2496 ὀρθὰ,
1025 2402 1200 2495 ὀξυώρια
1223 2411 1371 2498 supplevi

205 2523 278 2587 coll.
302 2543 331 2587 v.
351 2525 412 2586 107
432 2543 493 2608 sq.:
522 2523 629 2587 ποιῶν
651 2514 740 2607 ὀρθὰ
762 2516 882 2587 πάντα.
907 2514 1083 2607 *ὀξυώριος
1106 2523 1268 2606 siguificat
1293 2514 1369 2601 ὀξὺν

204 2628 280 2719 ὅρον
310 2629 391 2716 ἔχων
423 2633 478 2717 (de
500 2635 715 2722 productione
740 2636 780 2700 cf.
803 2634 940 2700 Lobeck
971 2655 1098 2720 pererg.
1129 2634 1169 2698 ed
1192 2634 1368 2719 Phrynich.

203 2767 234 2830 p.
260 2748 322 2810 702
346 2745 448 2831 sqq.),
483 2746 523 2811 dc
547 2747 656 2833 lepide
681 2747 839 2832 quadrato
862 2747 883 2812 i.
907 2767 937 2830 q.
963 2751 1191 2828 ‚mucrouetus‘
1217 2743 1366 2830 (scherl-

205 2858 358 2942 kcnfig‘),
382 2879 465 2942 quae
488 2859 578 2922 notio
602 2860 673 2923 loco
698 2858 738 2922 de
763 2879 825 2943 quo
848 2858 976 2942 egimus
999 2858 1169 2943 aptissime.
1194 2865 1254 2924 est.

291 2970 331 3037 V.
369 2971 446 3033 137:
489 2964 622 3054 βάθος
661 2963 714 3057 μὴ
763 2965 941 3056 ἐ’λατ[τον
984 2965 1116 3056 c‘rrdull
1145 2964 1369 3049 δακτύλους

207 3083 356 3168 supplevi
379 3083 496 3147 collato
519 3103 549 3146 r.
577 3085 647 3147 119.
691 3103 828 3148 neccsse
858 3082 944 3146 enim
972 3087 1023 3146 est
1046 3087 1225 3146 statuamus
1248 3084 1368 3168 mergi-

206 3215 265 3260 nes
298 3195 444 3281 lepidum
476 3195 628 3259 binorum
661 3196 871 3281 compactiles
908 3195 1022 3260 ecdem
1062 3196 1234 3260 latitudine
1265 3196 1368 3261 fuisse

207 3306 273 3392 (fig.
303 3309 332 3389 3,
363 3307 386 3370 ii
414 3305 483 3393 pp).
513 3328 543 3373 v.
576 3308 635 3370 138
663 3300 756 3391 παρὰ
784 3303 870 3392 relig
897 3299 1027 3392 ἁρμοῖς]
1060 3307 1129 3372 sive
1156 3300 1248 3392 παρὰ
1278 3304 1369 3393 celric

206 3412 341 3506 ἆρμσῦς]
371 3411 449 3483 καθ’
475 3415 612 3483 ἕκαστον
633 3418 698 3482 τῶν
719 3413 826 3482 λίθων
849 3415 959 3502 (cdv.
985 3422 1059 3482 loo:
1083 3413 1177 3504 παρὰ
1199 3412 1255 3484 τὸν
1276 3413 1366 3505 ναόν)

206 3532 361 3616 scriptum
384 3531 486 3597 luisse
508 3531 647 3595 videtur.

291 3643 332 3707 V.
351 3645 425 3707 138:
450 3640 639 3722 διαξέσας
661 3636 841 3728 σημείας.
872 3641 997 3722 ὁιαξεῖν
1012 3643 1149 3707 verbum
1164 3642 1251 3728 quod
1267 3644 1368 3708 scium

205 3756 269 3819 nisi
291 3755 378 3841 apud
399 3756 461 3820 Iul.
491 3754 661 3818 Pollucem
688 3751 737 3838 (in
761 3775 867 3818 onom.
890 3753 907 3816 Ι
930 3755 948 3838 ξ
974 3753 1027 3840 13)
1056 3775 1122 3818 non
1149 3756 1279 3839 legitur.
1303 3775 1368 3819 vox

207 3863 326 3952 σημεία
349 3888 408 3953 pro
437 3861 563 3953 σημαία
587 3888 606 3930 a
627 3866 769 3930 librariis
798 3867 920 3952 scripta
947 3867 1111 3931 invenitur
1133 3866 1187 3951 (ol.
1210 3867 1326 3952 Polyb.
1351 3867 1367 3931 I

209 3980 259 4060 33,
281 3982 300 4042 9
322 3979 380 4043 ubi
410 3978 481 4044 cod.
505 3978 612 4042 Vatic.
636 3975 696 4063 (A)
727 3984 761 4041 et
788 3977 879 4042 codd.
909 3998 993 4041 recc.
1018 3975 1077 4062 (R)
1107 3973 1246 4063 σημείας
1272 3979 1366 4044 exhi-

207 4090 292 4157 bent.
325 4091 412 4155 idem
444 4091 566 4176 legitor
587 4089 605 4154 I
629 4092 719 4172 34‚9
747 4091 780 4153 in
809 4089 840 4153 A
869 4096 901 4154 et
923 4089 968 4165 R;
996 4088 1147 4171 1131,5
1177 4098 1309 4175 praeter
1335 4093 1366 4156 A

206 4210 238 4268 et
266 4202 297 4266 R
322 4201 465 4267 Urbinas
498 4223 627 4286 quoquc
657 4200 710 4286 (F)
746 4196 898 4287 σημείαις
925 4202 1079 4287 praebet,
1108 4202 1162 4286 qui
1189 4202 1238 4266 VI
1271 4207 1365 4284 27‚2

205 4310 343 4401 σημείας
369 4321 421 4379 ter
448 4314 607 4398 exhibet).
635 4315 707 4377 loco
736 4312 776 4378 de
805 4334 867 4398 quo
896 4314 1023 4399 egimus
1051 4309 1189 4400 σημείας
1214 4315 1249 4377 ni
1270 4314 1367 4380 fallor

203 4449 262 4512 pro
286 4429 406 4514 σημεῖα
430 4425 550 4511 (signe)
575 4426 732 4512 scriptum
755 4433 816 4489 cst.
