3310 5254
665 453 878 519 ..29-

194 665 279 712 neve
307 643 509 712 curatoribus
540 644 625 712 male
658 643 840 733 pareant1).
892 643 1094 730 obligatione
1127 641 1352 732 redemptores

194 765 251 824 aut
263 765 338 846 post
353 781 434 846 opus
451 759 632 846 perlectum
646 760 884 846 probatumque
901 766 938 824 ut
959 781 1019 846 par
1035 766 1086 826 est
1100 759 1282 825 liberantur
1296 764 1353 822 aut

194 874 300 936 itaut
322 893 403 958 opus
427 873 533 938 denuo
564 874 659 938 alteri
681 872 879 959 redemptori
902 874 1030 938 locetur
1053 879 1086 938 et
1108 872 1248 959 praedes
1276 872 1353 936 novi

196 983 361 1068 dentur2).
398 985 558 1072 pecuniae
581 1006 665 1070 quae
689 985 737 1050 eis
760 985 898 1050 debetur
914 1007 934 1050 a
949 986 1153 1051 curatoribus
1169 983 1352 1070 exigendae

196 1103 344 1183 potestas
378 1096 640 1184 redemptoribus
670 1098 704 1161 in
738 1098 834 1162 titulo
871 1097 1008 1164 Deliaco
1035 1099 1132 1185 plane
1164 1119 1202 1162 ac
1229 1097 1351 1163 diserte

197 1231 354 1276 concessa
377 1216 428 1276 est
437 1208 474 1295 ³).

283 1322 450 1409 Operariis
482 1313 669 1408 (ἐργάταις,
702 1318 1008 1407 συνεργαζομένοις)
1042 1343 1115 1386 cum
1149 1321 1353 1386 curatoribus

196 1456 302 1520 paene
329 1434 455 1498 nullum
489 1440 541 1498 est
576 1439 700 1499 certum
730 1435 913 1519 negotium,
953 1435 1017 1498 nisi
1048 1433 1134 1518 quod
1169 1440 1354 1498 curatorum

197 1547 387 1611 coercitioni
402 1547 449 1610 ita
466 1545 603 1610 subiecti
620 1552 704 1628 sunt,
727 1551 763 1610 ut
780 1547 820 1610 ab
844 1547 885 1610 iis
908 1547 1010 1611 multa
1025 1547 1112 1611 affici
1135 1551 1167 1611 et
1190 1567 1233 1611 ex
1255 1567 1353 1632 opere

197 1657 320 1744 expelli
342 1658 468 1743 possint
475 1657 514 1743 ⁴).
554 1656 776 1744 redemptores
793 1658 930 1743 singulis
947 1657 1115 1745 opificibus
1132 1679 1214 1744 opus
1229 1657 1353 1723 facien-

197 1770 274 1835 dum
294 1769 486 1855 designasse
500 1769 660 1834 videntur.
683 1791 791 1855 neque
814 1791 834 1834 a
857 1770 1060 1834 curatoribus
1085 1770 1143 1835 sed
1165 1770 1353 1858 aredernp-

197 1888 268 1947 tore
292 1881 427 1968 opifices
449 1880 634 1946 mercedem
658 1881 865 1968 accipiunt5).

282 1992 399 2058 Restat
414 1999 449 2058 ut
464 1994 608 2059 breviter
624 1993 664 2058 de
681 1993 856 2080 praedibus
871 1998 904 2058 et
918 1992 1057 2058 testibus
1074 1992 1191 2058 dicam.
1213 1993 1353 2080 praedes

198 2101 336 2192 (i'yycos,
360 2098 530 2192 ἐγγυηταὶ)
558 2129 577 2171 a
602 2107 810 2192 redemptore
841 2106 990 2185 exhibiti,
1022 2112 1058 2171 ut
1081 2107 1121 2172 de
1149 2108 1222 2193 ipso
1256 2106 1354 2172 fidem

199 2220 323 2301 darent,
347 2220 529 2306 locupletes
544 2211 740 2307 (ἀξιόχρεω)
762 2240 836 2284 esse
859 2218 1026 2305 debentss),
1050 2220 1071 2285 i.
1095 2241 1125 2285 c.
1142 2225 1250 2284 tantas
1274 2241 1353 2307 opes

199 2333 328 2417 quantis
345 2330 384 2396 de
400 2332 599 2417 obligatione
617 2354 636 2397 a
652 2331 859 2418 redemptore
876 2337 1042 2397 contracta
1058 2331 1099 2397 de
1112 2353 1170 2397 suo
1186 2338 1354 2418 praestare

197 2445 335 2531 possint,
358 2450 479 2509 testato
501 2444 647 2530 profiteri
670 2443 800 2509 debent.
837 2443 1026 2531 redemptor
1049 2445 1136 2508 enim
1159 2451 1192 2509 et
1214 2444 1353 2531 praedes

198 2556 281 2622 adeo
305 2557 441 2641 obligati
457 2562 543 2637 sunt,
565 2562 602 2620 ut
616 2577 635 2619 a
651 2555 788 2640 singulis
805 2554 944 2619 solidum
965 2555 1050 2641 quod
1066 2556 1203 2621 debetur
1220 2557 1353 2641 exigere

198 2668 344 2755 liceat7).
389 2668 534 2754 periculo
565 2674 676 2734 autem
705 2667 790 2753 quod
818 2669 851 2731 in
880 2689 914 2733 se
945 2675 1141 2755 receperunt
1171 2690 1236 2734 non
1264 2670 1353 2756 prius

200 2801 296 2866 quarn
327 2780 515 2866 redemptor
546 2779 745 2864 obligatione
777 2778 1001 2866 liberantur⁸).
1048 2779 1224 2866 praedibus
1255 2802 1355 2867 opera

201 2891 307 2956 danda
323 2899 382 2973 est,
402 2913 468 2956 non
484 2893 589 2956 solum
601 2898 637 2956 ut
653 2891 840 2978 redemptor
855 2913 956 2978 opera
973 2899 1127 2979 suscepta
1143 2893 1273 2973 efficiat,
1297 2895 1354 2959 sed

202 3005 301 3068 etiam
315 3009 352 3068 ut
375 3009 408 3068 et
422 3004 541 3068 multas
556 3003 726 3089 impositas
749 3010 782 3068 et
797 3004 862 3068 alia
876 3026 959 3090 qnae
976 3004 1095 3069 debeat
1110 3005 1171 3070 rite
1187 3005 1354 3093 pendat⁹).

286 3115 464 3201 Negotium
495 3115 583 3180 inter
618 3121 785 3180 curatores
814 3121 848 3181 et
879 3116 1119 3203 redemptorem
1153 3123 1354 3183 contractum

200 3228 279 3293 Deli
305 3228 555 3313 magistratuum
580 3233 613 3293 et
640 3228 840 3314 privatorum
867 3229 1034 3294 hominum
1057 3230 1254 3294 testimoniis
1277 3252 1354 3295 eon-

200 3342 323 3406 firmari
358 3341 485 3406 solebat
496 3339 546 3423 l⁰).
603 3341 737 3406 testium
766 3342 897 3406 nomina
930 3343 1103 3407 locationis
1140 3342 1354 3408 instrumento

273 3544 601 3616 bhdeddbb

272 3643 293 3711 Ξ)
312 3641 334 3695 L
351 3645 366 3706 5
385 3642 408 3706 6,
426 3640 451 3693 Ι)
468 3657 494 3694 v.
513 3638 624 3693 10-11.

273 3739 294 3806 ³)
311 3737 335 3791 D
353 3755 378 3791 v.
398 3736 430 3790 16
448 3753 488 3803 sq.
525 3734 558 3788 cf.
577 3734 658 3788 Plato
676 3733 730 3804 leg.
749 3753 776 3804 p.
795 3734 845 3788 921
864 3733 893 3804 (l,
911 3733 943 3787 D.

272 3837 293 3903 ⁴)
312 3833 333 3886 L
352 3837 366 3898 5
385 3832 411 3897 4,
430 3831 452 3885 T
471 3835 485 3896 5
504 3831 527 3885 7.

272 3933 292 3995 ⁶)
310 3928 458 4000 propterea
474 3926 505 3980 in
516 3923 702 3980 locationibus
715 3924 749 3978 de
763 3923 891 3994 opificum
906 3922 1067 3978 condicione
1081 3922 1166 3978 verba
1180 3923 1259 3976 nulla
1276 3923 1356 3978 fiunt.

272 4024 293 4093 ο)
312 4024 333 4078 L
351 4041 377 4077 v.
395 4024 437 4077 27.

269 4123 291 4186 7)
309 4135 395 4190 germ.
414 4118 461 4184 ,sie
472 4117 570 4171 hatten
581 4114 765 4178 solidarisch‘3
784 4113 817 4168 cf.
832 4115 911 4179 Tse
929 4116 958 4169 et
978 4114 1094 4168 titulum
1105 4113 1269 4169 Boeoticum
1285 4114 1353 4168 bull.

200 4206 236 4260 de
254 4223 322 4260 corr.
339 4205 411 4258 Hell.
430 4205 478 4258 ΠΙ.
496 4221 524 4273 p.
542 4204 594 4258 460
612 4221 672 4272 sqq.
689 4220 715 4256 v.
733 4202 844 4256 29-35.

273 4304 292 4369 ⁸)
311 4301 345 4357 cf.
363 4300 384 4353 L
402 4303 418 4365 5
435 4300 460 4354 6.

274 4390 951 4464 ⁹)cf.'l¹55,L5l,v.38sqq.,Dv.5,ll.

260 4491 294 4558 ¹⁰)
312 4490 336 4544 D
353 4507 371 4544 a
387 4508 413 4544 ι.
433 4489 468 4543 25
485 4505 553 4556 sqq,
571 4487 589 4542 b
608 4506 633 4544 v.
654 4489 668 4541 1
688 4503 748 4554 sqq.
