3310 5254
305 1503 361 1598 De
384 1530 603 1597 architectura
627 1528 754 1595 Graeca
783 1527 931 1614 quisquis
955 1525 1164 1612 quaestiones
1186 1525 1373 1612 philologas

216 1641 425 1707 instituturus
461 1647 526 1724 est,
560 1642 657 1707 nimis
684 1641 793 1707 audax
818 1639 997 1721 videbitur,
1030 1659 1105 1704 cum
1134 1637 1372 1703 architecturae

217 1755 371 1841 antiquae
402 1753 545 1819 studium
574 1753 744 1819 architecti
770 1753 842 1840 ipso
870 1773 933 1817 usu
959 1751 1058 1839 periti
1078 1751 1183 1836 magis
1205 1750 1374 1835 magisque

217 1866 282 1932 sibi
303 1867 510 1954 arripuerint.
559 1887 666 1953 neque
696 1887 775 1932 sane
796 1887 869 1931 cum
889 1864 1139 1950 archaeologiae
1161 1883 1257 1949 quam
1277 1883 1373 1927 voca-

215 2000 287 2044 mus
315 1979 511 2044 detrimento
540 1977 761 2043 aedificiorum
788 1977 907 2043 rudera
934 1977 975 2041 ab
1006 1975 1194 2041 architectis
1218 1973 1375 2060 singulari

216 2090 377 2156 industria
397 2092 579 2179 perquisita
600 2097 635 2156 et
657 2090 822 2176 descripta
837 2094 922 2154 sunt.
968 2089 1066 2152 immo
1082 2087 1139 2152 vix
1153 2092 1249 2174 potes
1265 2091 1375 2151 mente

216 2204 398 2290 complecti,
422 2211 542 2291 quanta
564 2205 701 2269 materia
722 2203 764 2268 ad
784 2203 1021 2267 architecturae
1043 2199 1192 2265 Graecae
1207 2200 1376 2264 historiam

216 2314 495 2382 exaedificandam
511 2315 665 2403 Olympia
683 2337 702 2381 a
719 2315 891 2381 Germanis
915 2313 1113 2395 architectis,
1136 2313 1178 2377 ab
1193 2311 1375 2377 Austriacis

217 2427 444 2510 Samothraca,
476 2428 518 2494 ab
546 2429 618 2494 aliis
648 2428 778 2494 aliunde
805 2423 964 2514 acquisita
992 2433 1025 2492 et
1044 2425 1166 2513 publici
1188 2425 1267 2489 iuris
1289 2424 1377 2489 facta

219 2541 269 2605 sit.
322 2541 433 2627 itaque
467 2541 591 2606 nemini
623 2542 719 2606 facile
752 2541 949 2606 concedetur
979 2539 1019 2604 de
1052 2537 1207 2603 aedificiis
1234 2537 1375 2622 antiquis

221 2651 372 2718 iudicium
386 2653 544 2741 proferre,
568 2654 645 2740 quin
667 2654 738 2741 ipse
761 2659 971 2720 monumenta
993 2651 1101 2718 denuo
1124 2649 1375 2736 diligentissime

220 2765 461 2832 examinaverit.

300 2879 458 2944 Attamen
478 2878 598 2943 iniuria
619 2877 778 2965 philologi
801 2877 1039 2943 architecturae
1064 2875 1210 2942 Graecae
1235 2874 1376 2950 studium

217 2995 250 3055 et
284 3013 446 3056 summum
479 2991 520 3057 de
554 3012 594 3056 ea
620 2991 789 3056 arbitrium
819 3013 863 3056 ex
891 2990 1040 3056 manibus
1069 2990 1245 3055 dimittunt.
1279 2986 1376 3073 quid?

216 3108 342 3168 certum
374 3102 530 3168 iudicium
562 3102 602 3168 de
640 3103 719 3168 artis
760 3103 913 3190 operibus
950 3101 1062 3187 ecquis
1103 3101 1226 3167 habere
1256 3093 1376 3188 potest,

216 3215 280 3280 nisi
314 3220 411 3281 antea
458 3216 575 3302 quibus
613 3215 856 3280 condicionibus
891 3215 1032 3280 artifices
1073 3235 1174 3301 opera
1217 3213 1376 3278 conficere

220 3327 319 3392 variis
341 3327 543 3414 temporibus
568 3327 655 3393 soliti
678 3326 799 3392 fuerint
827 3301 1033 3412 exploratum
1051 3326 1171 3392 habet?
1200 3347 1266 3390 non
1289 3326 1376 3390 enim

217 3439 337 3504 sufficit
377 3461 556 3526 agnoscere
594 3439 742 3504 aedificia
774 3438 976 3504 Graecorum
1013 3439 1146 3527 publica
1179 3444 1270 3503 tanta
1302 3438 1375 3502 dili-

216 3552 329 3637 gentia
362 3558 548 3618 constructa
575 3572 650 3618 esse
686 3552 895 3638 singulasque
927 3558 1037 3638 partes
1069 3557 1161 3616 tanta
1196 3551 1375 3616 subtilitate

216 3664 396 3747 absolutas,
420 3671 574 3751 quantam
588 3665 688 3729 nullis
710 3685 854 3751 unquam
869 3665 1070 3751 temporibus
1091 3663 1262 3730 architecti
1284 3684 1376 3729 asse-

220 3777 289 3841 cuti
312 3780 395 3842 sunt.
441 3776 539 3840 immo
563 3796 756 3863 quaeramus
779 3796 918 3841 necesse
941 3781 1002 3858 est,
1026 3797 1108 3862 quae
1132 3796 1186 3840 res
1210 3774 1251 3839 ad
1273 3780 1377 3840 artem

215 3889 471 3977 promovendam
517 3890 766 3972 contribuerint‚
814 3912 879 3977 qua
918 3891 971 3956 via
1006 3912 1059 3964 ars
1103 3889 1298 3956 aedificandi
1335 3887 1376 3953 ad

219 4012 287 4068 tam
310 4003 447 4069 sublime
474 4002 640 4088 fastigium
663 4003 857 4090 pervenerit.
904 4008 1158 4069 consentancum
1188 4009 1298 4068 autem
1327 4006 1378 4066 est

217 4115 382 4181 neminem
404 4135 561 4202 prospera
584 4115 644 4179 has
660 4115 869 4199 quaestiones
885 4116 1056 4182 instituere
1080 4122 1113 4182 et
1134 4116 1254 4181 iustam
1270 4114 1376 4179 archi-

216 4233 364 4292 tecturae
387 4225 534 4293 Graecae
565 4226 731 4291 notionem
759 4225 823 4291 sibi
845 4248 1033 4315 comparare
1056 4249 1171 4315 posse,
1199 4227 1277 4312 quin
1300 4224 1377 4311 quid

218 4339 339 4407 Graeci
360 4340 425 4427 ipsi
447 4339 487 4404 de
511 4338 704 4405 aedificandi
726 4345 796 4404 arte
818 4340 937 4406 litteris
961 4341 1153 4406 tradiderint
1175 4343 1376 4425 compertum

216 4452 349 4520 habeat.

268 4568 590 4624 assaum‚uaar0utastura
603 4569 694 4613 orara
1218 4592 1234 4645 1
