3310 5254
755 437 990 532 ..ις..ἱ

236 644 261 681 νο
273 619 373 706 μένας
383 619 439 686 καὶ
452 617 529 702 τοὺς
539 618 697 710 θριγκοὺς
707 617 784 703 τοῦς
795 621 853 690 ἐπὶ
865 617 988 704 ταότας
998 624 1190 710 τιθεμένους
1202 626 1255 693 δδ-

274 732 426 818 δεμένους
434 730 519 801 κατὰ
531 731 684 825 κεφαλήν.
706 731 851 825 λήψεται
861 735 918 802 καὶ
927 733 1050 804 τούτων
1059 733 1118 827 τὴν
1130 733 1230 820 δόσιν,
1243 733 1364 806 ῦπολι-

274 841 418 931 πόμενος
428 842 467 914 τό
479 845 682 930 ἐπιδέκατον,
695 844 876 927 καθώςκαὶ
887 848 1038 936 περὶτῶν
1050 844 1162 917 ε’πόνω
1174 850 1367 939 γέγραπται.

274 957 344 1045 (16)
359 953 438 1026 όταν
448 957 484 1026 δὲ
495 961 600 1047 συνδῇ
611 955 687 1039 τοὺς
696 956 854 1048 θριγκοὺς
864 960 922 1027 καί
936 955 1096 1051 ἀποδείξῃ
1109 962 1283 1047 κειμένους,

275 1069 645 1158 μεμολυβδοχοημένους,
658 1068 750 1151 τέλος
761 1068 901 1155 ἔχοντας,
914 1073 1102 1158 δεδεμένους
1113 1071 1198 1142 κατὰ

237 1207 261 1245 ει
275 1176 427 1271 κεφαλήν,
439 1185 693 1271 συμφωνοῦντος
705 1178 789 1271 πρὸς
800 1177 958 1274 ἀλλήλους
969 1183 1121 1272 δοκίμως,
1134 1184 1261 1254 ἔπειτεν

276 1289 459 1382 ἐγνιτροίσει
470 1290 531 1375 τὰς
541 1291 663 1385 στήλας
672 1294 730 1361 καί
743 1289 912 1364 ἀποδώσει
922 1295 964 1364 τὰ
976 1295 1153 1386 γράμματα
1164 1297 1299 1389 καθαρὰ

276 1405 334 1474 καὶ
345 1405 497 1474 δκπλυνεῖ
508 1405 569 1486 ἕως
580 1401 619 1473 ἀν
630 1403 817 1492 κελεύωμεν.
841 1405 962 1495 (17)τά
974 1409 1010 1477 δέ
1022 1404 1104 1476 ἀλλα
1116 1407 1179 1479 ὅσα
1189 1409 1235 1503 μὴ
1248 1412 1282 1480 ἐν
1292 1416 1346 1502 τῇι.

276 1523 445 1609 συγγραφῇ
452 1519 642 1608 γέγραπται,
654 1516 740 1586 κατὰ
750 1517 808 1588 τόν
817 1519 1020 1590 κατοπτικόν
1028 1519 1127 1608 νόμον
1135 1523 1193 1591 καί
1204 1551 1262 1592 να-

277 1627 520 1700 οποὶκόνέῦτω.
926 1635 990 1721 (Π)
1005 1631 1063 1715 Είς
1073 1631 1129 1703 τὸν
1141 1632 1219 1704 ναόν
1229 1640 1289 1704 τοῦ

238 1770 265 1808 νο
277 1739 360 1824 Διὸς
371 1746 430 1812 τοῦ
443 1743 605 1830 βασιλέως
615 1742 730 1836 είςιὴν
741 1743 804 1828 ἔξω
815 1743 1011 1834 περίστασιν
1022 1750 1081 1814 τοῦ
1093 1750 1194 1837 σηκοῦ

276 1859 341 1925 τῶν
353 1853 401 1937 εἷς
411 1853 470 1947 τὴν
479 1853 607 1946 μακρὰν
618 1854 762 1947 πλευρὰν
771 1853 1051 1948 κατασιρωτήρων
1062 1858 1156 1947 ἔργα·

277 1967 336 2036 σία
347 1968 404 2036 καὶ
417 1963 580 2049 σύνθεσις.
595 2005 683 2022 --
705 1973 718 2058 (
741 1964 808 2059 )‘0
818 1966 1002 2060 ἐργωνήσας
1012 1967 1105 2059 παρὰ
1120 1972 1184 2038 τῶν
1198 1975 1366 2041 ναοποιιῦν

278 2079 326 2162 είς
335 2076 393 2149 τόν
401 2077 479 2149 ναῦν
490 2083 550 2148 τοῦ
561 2077 644 2162 Διὸς
653 2087 713 2149 τοῦ
723 2081 885 2169 βασιλέως
893 2079 941 2163 είς
951 2079 1010 2173 τὴν
1020 2080 1083 2165 ἔξω
1097 2081 1192 2173 περί-

278 2215 394 2262 στασιν
404 2197 464 2262 τοῦ
475 2197 576 2283 σηκοῦ
584 2197 649 2261 τιῦν
659 2191 707 2275 εἰς
717 2171 914 2285 τὴνμακρὰν
926 2191 1070 2284 πλευρὰν
1080 2198 1139 2265 τοῦ

238 2331 263 2372 ιε
276 2301 383 2376 τόπου
394 2309 454 2374 τοῦ
465 2303 550 2396 πρὸς
562 2304 766 2396 μεσημβρίαν
777 2307 957 2395 βλέποντος
967 2305 1259 2401 καταστρω[τη’ρων
1273 2310 1334 2379 πέ-

276 2422 423 2511 τραςτῆς
435 2420 575 2510 σκληρός
585 2421 644 2511 τῆς
652 2421 862 2510 Λεβαδεὶκῆς
870 2417 930 2511 τὴν
940 2419 1095 2510 ἐργασίαν
1107 2421 1164 2490 καὶ
1177 2420 1307 2512 [σύνδε-

278 2553 339 2614 σιν,
348 2532 483 2623 πλῆθος
494 2532 668 2620 δεκατρεῖς,
678 2531 780 2621 μέτρα
791 2531 827 2599 δὲ
838 2528 961 2599 τούτων
972 2529 1065 2600 ἔσται
1076 2536 1181 2624 μῆκος
1193 2534 1263 2624 [καὶ

277 2640 405 2725 πλάτος
417 2643 474 2712 καὶ
487 2639 595 2727 πάχος
605 2637 786 2712 ἀκόλουθοι
798 2648 869 2724 τοῖς
879 2643 1039 2730 κειμένοις
1050 2644 1107 2712 καὶ
1120 2646 1213 2728 τέλος
1225 2645 1270 2736 [έ-

277 2779 389 2840 χουσιν
402 2756 435 2823 έν
448 2757 489 2845 τῇ
499 2759 610 2846 μακρᾷ
622 2759 756 2847 πλευρᾷ,
768 2752 853 2847 πρὸς
865 2749 922 2838 οῦς
932 2747 1023 2825 οὗτοι
1033 2754 1193 2826 τίθενται.
1218 2763 1265 2848 (2)
1283 2789 1394 2851 παρα-

228 2895 266 2933 ιοο
279 2866 388 2955 λαβὼν
399 2868 436 2936 δέ
447 2863 465 2936 ό
478 2864 615 2957 ἐργώνης
625 2864 702 2948 τοῦς
714 2866 833 2949 λίθους
845 2864 937 2957 παρὰ
947 2866 1004 2937 τόν
1015 2865 1101 2953 ναόν,
1114 2859 1153 2938 οὗ
1166 2871 1222 2938 καὶ
1236 2872 1342 2961 [ἐδοκ-

279 2977 482 3069 ιμάσδησαν,
497 2975 607 3067 ῦγιεῖς,
621 2976 662 3046 τὰ
672 2979 775 3066 μέτρα
786 2978 926 3064 ἔχοντας,
940 2981 1156 3063 ἐκποιοῦντας
1165 2981 1265 3074 πρό[ς

278 3089 321 3161 τὰ
332 3091 457 3180 μεγέθη
468 3087 510 3158 τὰ
521 3077 739 3179 γεγραμμένα,
746 3093 878 3178 πρῶτον
887 3092 946 3177 μὲν
955 3092 1088 3182 ἒργᾶται
1099 3096 1164 3162 τῶν
1173 3094 1280 3163 λίθων

279 3201 412 3273 πόντων
422 3201 483 3284 τὰς
494 3199 608 3290 βάσεις
618 3197 733 3292 ὀρθός,
748 3204 931 3293 ἀστραβεῖς,
946 3199 1105 3295 ἀρραγεῖς,
1118 3206 1342 3299 συμμίλτου[ς,

281 3313 350 3385 ἀπὸ
361 3315 471 3399 ξοίδος
483 3317 655 3406 χαρακτῆς,
668 3318 802 3407 πυκνῆς,
816 3316 1054 3408 ἐπηκονημένης
1063 3315 1105 3386 τὰ
1118 3319 1254 3406 ἐπιβαί-

230 3457 266 3495 105
280 3455 375 3498 νοντα
385 3425 494 3497 πάντα
506 3428 565 3496 ἐπὶ
577 3425 654 3510 τοῦς
662 3426 839 3518 κρυτευτάς
850 3429 906 3497 καί
919 3429 978 3498 ἐπὶ
988 3427 1048 3522 τὴν
1059 3426 1314 3523 ῦπευθυντη[ρί-

281 3570 320 3612 αν
331 3539 377 3633 μὴ
390 3539 524 3610 ἔλαττον
535 3536 558 3632 ἢ
568 3540 628 3609 ἐπὶ
637 3538 696 3608 δύο
708 3537 817 3622 πόδας
829 3541 865 3610 ἐκ
876 3544 935 3610 τοῦ
946 3539 1138 3632 προςιόντος
1148 3539 1262 3633 ἀρμοῦ,
1275 3543 1317 3615 τά

281 3654 318 3723 δέ
328 3654 413 3740 μέσα
425 3651 635 3743 συνψαῦοντα
647 3647 716 3748 ἀπῤ
730 3653 841 3736 ξοίδος
851 3657 1022 3747 χαρακτῆς,
1035 3654 1196 3745 τραχείας,
1208 3674 1288 3727 ποι-

281 3769 325 3834 ιῦν
337 3760 425 3855 όρδά
437 3763 548 3834 πάντα
564 3763 650 3855 πρὸς
659 3762 779 3834 κανόνα
789 3768 919 3858 διηνεκῆ
929 3763 975 3858 μὴ
988 3763 1111 3836 ε’λοίττιο
1123 3771 1182 3838 τοῦ
1193 3769 1244 3837 έν-

281 3877 472 3968 εργουμένου
484 3875 593 3961 λίδου,
606 3874 734 3958 πλάτος
743 3875 790 3969 μὴ
803 3875 988 3968 στενότερον
999 3878 1165 3949 δακτύλων
1175 3881 1219 3965 ἕξ,

232 4018 268 4056 110
281 3988 369 4080 ῦψος
382 3985 576 4081 ἡμιποδίου.
599 3983 759 4076 ῦποτεμεῖ
771 3991 807 4058 δέ
817 3993 882 4059 τῶν
893 3991 1171 4085 καταστρωτήρων
1181 3990 1267 4061 πόν-

279 4131 345 4172 των
356 4102 392 4191 έγ
403 4097 531 4189 βάσεως
543 4096 581 4169 τό
594 4101 653 4169 ἐπὶ
664 4100 723 4192 τὴν
736 4097 999 4194 ῦπευδυντηρίαν
1012 4106 1184 4192 ἐπιβαῖνον
1197 4107 1248 4196 ε’[κ

279 4217 339 4284 τοῦ
348 4210 507 4294 ἀπιόντος
519 4207 625 4302 ἆρμοῦ
636 4209 763 4294 πλότος
773 4213 831 4281 καὶ
842 4212 951 4302 βάδος
961 4213 999 4284 τό
1014 4215 1152 4300 δειχθέν,
1165 4217 1217 4307 ἒρ-

280 4323 456 4416 γυζόμενος
466 4321 527 4406 τὰς
538 4319 718 4409 ῦποτομός,
731 4323 847 4407 καθὼς
860 4326 916 4393 καί
928 4326 1006 4414 περὶ
1017 4328 1082 4393 τῶν
1093 4323 1234 4418 βόοεω[ν

280 4441 471 4530 γέγραπται,
485 4434 638 4523 χάλασμα
650 4440 758 4506 ποιιῦν
767 4437 800 4504 ἐν
810 4440 851 4528 τῇ
865 4432 1017 4528 ῦποτομῇ
1026 4439 1066 4528 τῇ
1077 4436 1171 4529 παρὰ
1181 4437 1255 4532 τη[ν
