3310 5254
609 1417 757 1491 Titulus
783 1417 1024 1493 Lebadensia

201 1663 204 1678 ‚
326 1616 501 1703 Inscriptio
517 1618 692 1684 Lebadeae
704 1619 737 1684 in
749 1619 909 1686 Boeotiae
926 1620 1045 1708 oppido
1061 1642 1146 1686 anno
1161 1623 1242 1685 1875
1255 1626 1396 1708 reperta,

240 1727 328 1793 edita
345 1749 364 1793 a
379 1727 569 1796 Cumanude
583 1731 701 1797 littoris
717 1732 906 1797 minusculis
923 1733 956 1796 in
970 1733 1097 1820 ephem.
1105 1725 1288 1822 Ἀθήναιον
1299 1754 1329 1798 v.
1347 1733 1396 1799 IV

239 1838 352 1927 (1875)
364 1863 394 1928 p.
408 1827 470 1907 369
483 1863 530 1928 sq.
545 1864 625 1908 usus
641 1849 691 1908 est
705 1843 912 1910 Cumanudes
929 1850 963 1910 et
975 1845 1163 1932 apographo
1176 1867 1196 1910 a
1209 1843 1395 1911 Stomatacc

240 1953 388 2020 confecto
424 1960 457 2020 et
489 1960 606 2042 ectypo
637 1957 819 2022 chartaceo.
871 1956 1014 2044 lapidem
1047 1958 1094 2022 ita
1126 1957 1295 2023 describit:
1329 1952 1395 2040 ἔχει

238 2065 348 2155 σχήμα
384 2061 518 2154 στήλης,
548 2061 656 2154 δίψους
685 2070 712 2151 1,
735 2071 787 2150 85,
815 2063 962 2148 πλάτους
988 2073 1018 2152 0,
1042 2071 1098 2151 95,
1126 2063 1254 2152 πάχους
1282 2074 1312 2152 0,
1343 2073 1394 2135 20.

238 2217 254 2226 -
268 2172 424 2264 -βλάβας
453 2176 489 2246 δὲ
515 2169 580 2260 εἶχε
607 2182 735 2267 -τρεῖς,
774 2175 832 2248 δύο
862 2179 1056 2268 μικροτέρας
1087 2176 1199 2248 ε’πάνω
1225 2176 1310 2248 κατὰ
1336 2176 1396 2260 τὰς

238 2283 339 2376 άρχδις
360 2287 418 2356 καί
446 2284 488 2357 τὰ
510 2287 585 2378 τέλη
611 2291 676 2356 τῶν
703 2285 842 2378 πρώτων
862 2292 961 2379 τριῶν
981 2287 1147 2380 τεσσάρων
1169 2288 1297 2376 στίχων,
1321 2287 1394 2381 άρι-

238 2396 336 2489 στερὰ
359 2400 416 2468 καὶ
439 2397 531 2483 δεξιὰ
553 2403 601 2491 τῷ
623 2395 755 2490 ὁρῶντι,
778 2401 835 2470 καὶ
858 2397 956 2492 άλλην
977 2403 1210 2494 μεχαλητέραν,
1234 2400 1325 2485 δεξιὰ
1347 2405 1395 2494 τῷ

240 2508 370 2602 δρῶντι,
401 2513 437 2595 ἐξ
457 2503 497 2603 ἧς
519 2510 772 2603 ἐκολοβώθησαν
793 2511 939 2602 μάλιστα
966 2512 1007 2585 τὰ
1031 2516 1105 2606 τέλη
1131 2514 1250 2600 στίχων
1272 2521 1313 2583 67
1336 2517 1395 2606 τής

240 2626 389 2714 δευτέρας
403 2622 540 2708 σελίδος,
557 2621 643 2695 διότι
658 2619 678 2716 ή
694 2623 802 2718 γραφή
819 2619 964 2708 εἶναιτίς
979 2623 1037 2696 δίο
1052 2625 1184 2709 σελίδας
1198 2628 1393 2715 (columnas)

238 2737 426 2827 χωρισμένη,
450 2733 570 2826 ἑκάστη
584 2739 648 2805 τῶν
663 2731 791 2807 ὁποίων
805 2735 870 2822 ἔχει
893 2732 955 2806 ἀνὰ
971 2744 1012 2806 94
1027 2737 1167 2823 στίχους.
1184 2779 1200 2788 -
1213 2780 1230 2790 -
1243 2742 1303 2830 τής
1317 2739 1393 2808 ἔπι-

237 2852 365 2941 χραφής
379 2846 421 2917 τδι
435 2846 612 2939 γράμματα
628 2891 644 2899 -
657 2891 673 2900 -
687 2852 888 2939 μαρτυροῦσι
903 2891 920 2900 -
933 2846 1010 2931 τοὺς
1026 2847 1091 2941 πρὸ
1108 2852 1254 2941 Χριστοῦ
1266 2847 1394 2938 Ῥωμα-

239 2959 330 3044 ϊκοὺς
351 2958 494 3050 χρόνους,
517 2958 556 3029 δν
579 2961 632 3030 aa
654 2956 847 3049 άπατῶμαι.
871 3004 887 3012 -
907 3003 924 3012 -
945 2965 1004 3053 τῆς
1026 2959 1144 3054 στήλης
1163 2966 1222 3054 τής
1236 2959 1395 3054 ἡμετέρας

239 3115 256 3124 -
273 3115 290 3124 -
314 3069 421 3156 οὐδεὶς
451 3069 524 3142 odico
550 3071 661 3142 ἐπάνω
693 3070 767 3144 odias
794 3071 882 3144 κάτω
911 3072 1022 3160 στίχος
1055 3070 1228 3166 ὁλόκληρος
1254 3076 1392 3161 ἐξέλιπε,

238 3183 326 3255 διότι
347 3186 404 3254 καί
421 3183 532 3255 ἐπάνω
555 3187 612 3255 καί
634 3184 723 3256 κάτω
740 3181 857 3276 δρᾶται
878 3185 976 3275 μέρος
997 3213 1030 3254 τι
1044 3189 1104 3256 τοῦ
1117 3185 1218 3256 λίθου
1236 3183 1391 3278 άχραφον.

157 3335 159 3339 ·
239 3306 351 3368 textus
373 3301 426 3367 hic
450 3306 514 3366 cst:

239 3556 321 3643 1(1)
789 3553 1393 3647 ἐἹρχωντὸἕπίπεμπτονάποτεισΑλ

734 3668 806 3758 κήαί
817 3665 855 3737 τὸ
868 3663 1070 3757 δπερεόρεμα
1083 3668 1141 3736 καί
1153 3667 1254 3739 ἐάντε
1266 3665 1345 3740 dito

237 3774 387 3868 άρχόριον
399 3779 435 3849 ἐκ
445 3781 524 3871 cossai
537 3778 714 3866 ἐπιτιμίων
726 3780 939 3871 προςγένηται
951 3775 1049 3869 αὐτῷ,
1063 3776 1171 3847 δίπαν-

236 3921 278 3963 τα
289 3891 497 3983 πράήξουσιν]
513 3892 546 3962 ci
557 3893 714 3962 ναοποιοὶ
724 3891 782 3962 τὸν
794 3890 930 3982 ἐργάνην
941 3893 997 3961 καί
1009 3890 1086 3974 τοὺς
1097 3889 1235 3982 ἕχχάους,

211 4032 223 4071 s
237 4004 293 4077 ἐὰν
305 4007 341 4076 δὲ
353 4004 399 4096 μή
417 4004 583 4090 δύνωνται,
596 4003 643 4087 εἰς
655 4003 692 4075 τὸ
705 4003 855 4092 λεύκωμα
868 4001 1096 4095 ἐκγράψουσιν.
1121 4007 1169 4096 (2)
1184 4007 1236 4095 ε’γ-

237 4118 370 4205 δίδομεν
382 4118 418 4188 δὲ
428 4117 466 4188 τὸ
477 4117 568 4208 ἔργον
579 4115 654 4188 ὅλον
665 4115 750 4207 πρὸς
759 4114 887 4202 χαλκόν,
900 4115 959 4199 τδις
969 4118 1028 4203 μὲν
1040 4115 1119 4209 στή-

236 4235 296 4313 λας
307 4231 365 4299 καί
377 4227 454 4313 τοὺς
465 4227 623 4320 θριγκοὺς
630 4227 716 4320 πρὸς
725 4229 825 4300 λίθον
835 4225 884 4322 ἐφ’
899 4226 1048 4318 ὡμαλίαν
1059 4229 1079 4302 ὅ
1090 4259 1123 4302 τι
1134 4228 1174 4301 δν
1184 4229 1237 4302 εό-

236 4366 344 4433 ρωσιν,
357 4340 433 4432 τρίς
444 4337 471 4410 δ
485 4338 699 4434 ὕποβατήρας
712 4343 921 4434 ἑνπροςέρχῳ
932 4341 1076 4436 πονήσει,
1089 4348 1154 4414 τῶν

237 4456 274 4526 δὲ
284 4453 404 4544 πόρων
415 4449 611 4544 δποτίμημα
620 4451 764 4545 λήψεται
775 4458 833 4524 τοῦ
844 4452 945 4524 λίθου
957 4453 1095 4525 ἑκάστου
1107 4460 1186 4547 δρα-
