3310 5254
721 479 932 539 ..82-

246 666 391 753 politis“‚
424 665 483 732 sed
512 667 611 732 etiem
642 667 675 730 in
703 666 892 730 universum
921 665 1060 752 „lepidis
1091 665 1298 752 superficiem
1327 665 1408 728 tritu

246 777 444 865 perpolire“.
490 777 592 842 verbe
621 777 708 841 enim
732 797 806 841 eum
828 772 947 861 -λσχὲω
970 777 1152 862 composita
1174 797 1194 839 ε
1216 775 1407 841 recentioris

246 889 365 954 aetatis
389 888 559 974 opificibus
577 887 714 952 Graecis
736 894 894 973 usurpate
917 909 991 953 esse
1009 887 1303 972 significationibus
1322 907 1404 970 quae

246 1001 289 1065 sb
306 1006 416 1085 etymo
432 1002 529 1086 plene
546 1000 673 1064 alienae
697 1007 810 1064 essent
826 1021 925 1085 supra
946 1000 1003 1063 ubi
1026 999 1066 1064 de
1085 998 1289 1083 μιλτσλοχεῖν
1304 999 1405 1063 verbo

248 1112 374 1197 egimus
396 1133 429 1197 p.
452 1114 493 1175 67
517 1133 536 1175 e
558 1112 654 1176 nobis
678 1113 925 1197 comprobatum
948 1118 1008 1176 est.

332 1222 386 1287 Ad
408 1221 534 1308 lapides
557 1223 728 1308 poliendos
758 1223 867 1287 oleum
890 1222 1072 1287 adhibetur.
1116 1222 1175 1286 ubi
1197 1222 1284 1285 enim
1306 1222 1408 1286 verbe

247 1356 330 1421 quae
352 1335 508 1419 leguntur
529 1356 560 1400 v.
579 1337 657 1398 167:
680 1329 758 1412 τοὺς
780 1326 814 1398 δ’
840 1327 964 1418 ἁρμσδς
985 1331 1021 1414 ἐξ
1043 1329 1156 1398 ε’λαίσυ
1179 1332 1240 1419 (se.
1262 1357 1407 1417 τριμμα-

245 1445 402 1532 σολοχῶν)
426 1448 602 1512 εοιιιιιιειίε
621 1469 694 1511 oum
711 1447 820 1511 verbis
844 1468 872 1510 v.
888 1449 964 1510 162:
986 1444 1256 1531 σριμμασσλοχῶν
1275 1439 1336 1522 τὰς
1348 1443 1408 1528 μὲν

246 1552 361 1643 βάσεις
382 1555 419 1623 ἐκ
445 1552 549 1646 χλόης,
577 1558 705 1622 videbis
728 1555 765 1622 ἐκ
785 1553 882 1644 χλόης
905 1557 1135 1644 explicandum
1158 1579 1232 1622 esse
1261 1556 1407 1621 adhibito

248 1690 326 1734 sueo
343 1669 502 1734 subviridi
527 1691 571 1736 so.
592 1672 665 1734 oleo
684 1670 771 1754 quod
797 1669 939 1735 nondum
962 1677 1136 1756 purgatum
1153 1675 1213 1735 est.
1241 1669 1282 1734 of.
1302 1667 1407 1755 Geop.

248 1780 304 1845 Gr.
315 1780 348 1845 X
361 1784 412 1862 21,
427 1784 480 1845 12:
504 1781 544 1868 τῇ
560 1776 638 1868 χλόη
650 1817 665 1828 -
677 1817 691 1830 -
704 1775 873 1869 saturos.
906 1783 1016 1867 itaque
1031 1804 1060 1846 v.
1075 1767 1290 1868 62'seriptum
1304 1781 1408 1846 fuisse

246 1893 442 1980 putaverim:
477 1892 746 1978 σριμμασσλογῶν
772 1888 832 1970 τὰς
864 1890 923 1976 μὲν
953 1887 1066 1977 βάσεις
1093 1890 1130 1957 ἐκ
1157 1887 1253 1979 χλόης
1280 1887 1408 1978 ε’[λαίας

247 2004 301 2069 eui
325 2005 510 2091 oppositum
541 2012 630 2070 esset
652 2026 681 2068 v.
707 2009 782 2069 167:
814 1999 890 2083 τοὺς
912 2003 949 2070 δὲ
970 1997 1094 2089 ἆρμοδς
1121 2002 1157 2084 ἐξ
1179 2000 1291 2070 ε’λαίου
1313 2001 1407 2090 κ[αλ-

246 2113 380 2202 &aeleri
413 2117 546 2181 ineunte
571 2117 657 2181 enim
679 2138 709 2182 v.
728 2120 788 2182 168
811 2138 895 2201 quse
917 2116 1088 2180 traduntur
1109 2117 1238 2181 litterae
1254 2119 1342 2180 ΒΔΙ
1350 2117 1412 2180 ΟΥ

247 2234 315 2292 tem
338 2228 460 2292 similes
479 2235 555 2292 sunt
567 2228 687 2292 litteris
704 2231 876 2308 ΘΑΡΟΥ,
899 2235 937 2292 ιιι
958 2229 991 2291 in
1014 2227 1261 2292 transcribendo
1278 2226 1406 2291 Sterna-

247 2346 338 2404 tsoes
360 2338 456 2404 facile
478 2339 622 2425 potuerit
646 2360 766 2404 errore.

335 2450 402 2516 Sed
424 2452 505 2516 haee
529 2457 662 2515 notasse
692 2452 773 2516 setis
796 2452 913 2518 habeo.
951 2458 1047 2517 'eerte
1070 2473 1197 2516 meeum
1221 2450 1406 2517 consenties

250 2563 392 2649 spatium
413 2584 443 2629 v,
470 2566 530 2628 162
553 2568 637 2628 extr.
662 2563 748 2648 quod
775 2569 877 2629 restet
899 2585 965 2628 uon
994 2564 1144 2629 sufficere
1167 2585 1229 2648 quo
1254 2563 1406 2628 substan-

248 2675 351 2740 tivum
374 2674 520 2760 suppleri
535 2675 640 2760 possit
661 2674 748 2739 unde
771 2675 872 2739 verba
894 2696 977 2760 quae
1002 2682 1182 2760 sequuntur
1196 2697 1226 2739 v.
1244 2677 1406 2738 163-64:

248 2785 282 2851 ἐν
303 2789 378 2864 ταῖς
399 2781 502 2864 ἰδίαις
514 2780 635 2871 χώραις
649 2780 829 2871 βεβηκότας
850 2781 915 2851 uti.
939 2786 1114 2872 pendeant.
1154 2808 1237 2872 quae
1254 2808 1332 2850 vero
1348 2807 1406 2850 suo

249 2918 402 2983 quaeque
431 2899 503 2962 loeo
535 2897 643 2982 posito
666 2897 734 2962 sive
762 2898 795 2962 in
819 2918 913 2961 suum
936 2919 1084 2982 quaeque
1106 2898 1214 2962 locum
1237 2905 1325 2962 mota
1353 2897 1407 2980 (ef.

248 3008 402 3094 Xenoph.
426 3029 540 3073 oeeon.
564 3009 594 3089 8,
620 3011 673 3071 17:
705 3004 881 3094 βεβηκυίας
902 3008 961 3096 τῆς
984 3003 1092 3086 οἰκίας
1113 3005 1146 3071 ἐν
1168 3005 1319 3094 δαπέδῳ)
1343 3009 1408 3073 diei

249 3119 377 3205 possint
399 3119 464 3183 nisi
486 3118 612 3203 lapides
635 3118 698 3204 ipsi
720 3140 785 3182 non
801 3119 969 3204 intellego.
1008 3119 1119 3204 itaque
1142 3141 1182 3184 ea
1203 3121 1306 3184 verbs
1321 3122 1409 3185 fecte

250 3251 323 3295 esse
355 3236 504 3316 opertum
532 3236 583 3294 est
612 3231 707 3314 quasi
738 3230 911 3294 antecedet
947 3224 1024 3308 τοὺς
1051 3231 1327 3318 καταστρωιῆρας
1354 3231 1407 3316 (of.

249 3341 332 3406 adv.
346 3344 387 3406 98
400 3362 447 3425 sq.
464 3363 548 3426 quse
565 3341 690 3425 adnot).
725 3349 905 3427 sequuntur
918 3343 1001 3406 haee
1025 3350 1058 3407 et
1077 3343 1150 3428 ipse
1172 3344 1344 3407 manifesto
1368 3343 1408 3407 ed

249 3454 375 3539 lapides
411 3453 598 3519 referende:
634 3447 744 3533 ὅλους,
778 3454 899 3518 solidos
924 3455 993 3520 sive
1021 3456 1182 3539 integros,
1216 3446 1407 3536 ἇσχόστους,

248 3586 315 3630 non
337 3564 481 3628 diffissos
505 3557 703 3648 (*όσχαστος
725 3565 921 3629 adieetivum
945 3587 964 3628 a
987 3561 1116 3646 σχόζειν
1131 3566 1232 3630 verbo
1257 3566 1408 3652 (findere)

249 3677 296 3742 ita
311 3677 493 3742 derivatum
517 3684 568 3742 εει
589 3684 626 3742 ut
647 3669 803 3757 όσχιστος
829 3700 848 3742 ε
871 3674 1021 3758 σχίζειν),
1045 3671 1296 3766 ἇνελγκλήβτοσς
1322 3677 1408 3763 quod

250 3788 444 3878 vocobulum
456 3788 665 3853 Cumanudes
681 3811 746 3854 non
762 3791 873 3876 inepte
892 3791 1066 3876 supplevit,
1088 3813 1154 3856 non
1167 3790 1408 3878 vituperandos,

250 3900 384 3986 probos,
407 3892 674 3980 ἀνυποπόστσυς,
697 3893 960 3986 ὁμσιριβοόνσας,
989 3901 1052 3965 duo
1076 3903 1223 3987 epitheta
1246 3904 1333 3984 telio,
1357 3897 1413 3982 ,τὰ

250 4004 355 4075 ὁποῖα
377 4005 527 4094 μανσεόει
550 4036 601 4089 τις
622 4011 745 4094 μᾶλλον
767 4005 790 4098 ἢ
811 4007 1048 4097 ἐπιγιγνώσκει(
1070 4013 1124 4091 (of.
1145 4012 1352 4078 Cumanudes
1376 4016 1409 4077 in

250 4121 359 4186 adnot.
394 4122 435 4186 ad
468 4124 516 4186 tit.
555 4130 656 4187 nostr.
686 4147 717 4210 p.
749 4122 838 4209 375).
895 4118 934 4189 τὸ
966 4116 1164 4189 ὑπόπαστσν
1195 4125 1294 4208 (Plut.
1329 4147 1407 4189 mor.

249 4256 280 4320 p.
305 4234 424 4318 839A)
456 4235 489 4298 id
518 4241 568 4300 est
591 4235 678 4320 quod
701 4237 799 4300 alicui
821 4237 869 4300 rei
893 4236 1092 4300 substratum
1116 4241 1167 4300 est
1189 4235 1408 4322 (stragulum),

250 4367 329 4431 ergo
353 4338 590 4412 ἆνσπόσασσον
612 4347 645 4411 id
665 4347 751 4432 quod
773 4327 839 4411 non¹
861 4348 1062 4413 substratum
1086 4355 1144 4414 est.
1182 4349 1307 4435 lapides
1330 4372 1408 4416 vero

250 4478 326 4543 ‚non
351 4458 519 4522 substrati‘
550 4458 629 4542 quid
656 4459 719 4522 sibi
742 4459 845 4523 velint
872 4459 934 4523 hoo
964 4461 1036 4525 loco
1068 4482 1133 4525 non
1162 4460 1328 4546 intellego.
1373 4469 1409 4526 ut
