3310 5254
612 930 853 1004 innotationes
879 931 1010 1004 varice.

316 1117 357 1182 V.
374 1120 474 1181 5-7:
497 1111 568 1196 τὰς
589 1116 660 1201 μὲν
681 1114 831 1208 στήλας
852 1117 924 1186 καί
947 1115 1045 1199 τοὺς
1065 1112 1278 1206 θριγκούς.
1313 1140 1390 1184 eon·

234 1233 299 1294 stat
327 1229 413 1293 inter
441 1250 553 1294 omnes
587 1225 743 1317 θριγκούς
772 1251 908 1296 coronas
944 1253 1020 1298 esse
1052 1253 1134 1317 quae
1165 1231 1287 1317 saeptis
1321 1231 1390 1297 sive

231 1341 412 1427 parietibus
435 1343 697 1429 imponebantur.
735 1345 845 1431 itaque
868 1346 901 1409 in
925 1346 1020 1411 titulo
1043 1345 1235 1426 Troezenio,
1260 1343 1347 1409 edito
1371 1365 1391 1408 a

229 1453 374 1518 Foucart
395 1453 437 1519 ad
459 1454 507 1520 Le
518 1455 586 1520 Bas
611 1460 707 1538 loto,
730 1457 851 1543 legitur
873 1478 902 1522 v.
923 1459 979 1522 39:
1002 1451 1121 1539 τοίχων
1142 1452 1280 1522 λιθίνων
1303 1447 1391 1522 ἄντο-

232 1559 464 1652 θρι[γκοίσιος;
487 1567 526 1634 cf.
550 1568 634 1652 legis
657 1569 776 1654 parieti
798 1567 949 1633 faciundo
975 1568 1058 1633 OIL.
1079 1568 1174 1632 1577
1197 1569 1305 1634 locum
1329 1569 1390 1634 col.

230 1675 264 1740 H
291 1699 322 1743 v.
354 1681 407 1743 16:
430 1679 551 1759 poricti
574 1717 587 1728 -
612 1717 626 1728 -
654 1680 828 1763 meruissem
850 1683 1035 1761 perpetuom
1066 1680 1217 1760 inponite.
1274 1681 1392 1744 mirum

230 1789 329 1873 igitur
344 1812 410 1855 non
426 1797 486 1871 est,
510 1791 596 1877 quod
612 1798 741 1858 veteres
761 1787 898 1880 θριγιός
920 1791 1115 1859 uocabulum
1139 1813 1204 1856 non
1227 1813 1391 1877 nunquam

231 1903 447 1986 adhibebant,
476 1925 540 1990 quo
564 1911 678 1993 saepta
705 1905 777 1993 ipsa
801 1906 1037 1992 significarent;
1062 1905 1101 1970 cf.
1126 1904 1227 1970 schol.
1250 1904 1291 1970 ad
1314 1903 1390 1968 Ari-

231 2015 338 2103 stoph.
362 2016 562 2102 Thesmoph.
585 2038 615 2082 v.
639 2020 693 2083 58:
726 2019 893 2103 θριγκοῖς·
916 2020 988 2096 τοῖς
1010 2020 1175 2106 φραγμοῖς
1195 2017 1260 2082 τῶν
1283 2009 1390 2083 α’ίκων.

231 2133 321 2194 recte
344 2128 445 2214 igitur
467 2128 692 2194 Schdmaunus
716 2128 842 2216 (opusc.
866 2130 956 2198 acad.
976 2130 1027 2196 IV
1048 2153 1079 2218 p.
1102 2128 1158 2215 95)
1181 2129 1271 2195 Ionis
1294 2127 1391 2192 Euri-

229 2239 320 2326 pidei
353 2240 426 2304 loco
455 2260 484 2304 v.
516 2241 598 2304 1320
626 2261 689 2324 sq.:
729 2235 874 2325 τρίποδα
906 2236 968 2327 γὰρ
999 2236 1191 2330 χρηστήριον
1218 2239 1392 2326 Ιλινιοῦσα

229 2352 369 2439 θριγκοῦ
389 2345 479 2418 τοῦδ’
509 2343 704 2439 ὑπερβάλλω
734 2349 818 2418 ποδί
845 2354 1010 2420 intellexit
1039 2361 1189 2442 saeptum
1209 2354 1391 2442 proximam

229 2463 345 2550 templi
374 2485 484 2528 aream
508 2464 658 2548 cingens,
687 2464 808 2530 erravit
830 2465 868 2530 L.
891 2464 1066 2532 Enthoven
1100 2466 1156 2553 (de
1178 2465 1259 2530 Ione
1282 2465 1393 2530 fabula

229 2574 409 2660 Euripides
428 2597 459 2663 p.
477 2575 531 2662 46)
556 2576 612 2661 qui
634 2576 674 2642 dc
699 2576 814 2642 eodem
843 2578 916 2643 loco
940 2577 1139 2643 sententiam
1155 2577 1390 2665 pronuntiavit:

229 2709 295 2753 vox
329 2681 465 2774 θριγκός
499 2686 603 2767 ,uobis
631 2693 665 2752 et
696 2687 768 2775 ipsa
798 2687 838 2753 de
871 2688 983 2753 limine
1014 2689 1128 2775 templi
1159 2687 1266 2774 adcipi
1292 2709 1391 2775 posse

229 2798 369 2865 videtur‘
393 2821 489 2884 quem
513 2799 664 2866 vocabuli
686 2821 782 2866 usum
805 2801 925 2866 vellem
949 2800 1110 2886 exemplis
1135 2799 1391 2888 comprobasset.

318 2911 358 2976 V.
388 2912 423 2976 8:
464 2905 556 2991 τοὺς
594 2904 864 3001 ὕποβατῆρας
896 2909 937 2978 ἐν
970 2909 1172 3000 προςίργρν
1206 2906 1390 3001 ποιήσοι.

231 3016 337 3111 βοτήρ
351 3023 545 3088 vocabulum
561 3023 793 3111 interpretatus
811 3030 862 3089 est
884 3023 986 3089 Iulius
999 3023 1121 3089 Pollux
1139 3024 1173 3089 in
1190 3025 1391 3092 onomastioo

233 3133 269 3199 H
286 3138 347 3200 200
363 3135 414 3199 his
431 3136 555 3201 verbis:
580 3127 598 3202 ὁ
621 3127 717 3215 οὐδὸς
732 3127 781 3224 ἐφ’
807 3123 846 3201 οὗ
867 3130 1031 3221 βαίνομεν,
1054 3128 1098 3215 ὡς
1115 3130 1295 3224 Ἀμειψίας
1317 3129 1389 3218 ,,εἰτ’

233 3238 332 3312 αὐτὸν
360 3241 451 3334 ἥκεις
478 3241 535 3313 τὸν
557 3248 685 3335 βατῆρα
705 3247 765 3335 τῆς
786 3240 923 3332 θύρας“.
969 3246 1009 3312 ef.
1031 3248 1097 3314 lex.
1121 3248 1203 3314 rhet.
1228 3269 1280 3334 ap.
1301 3249 1391 3315 Bek-

232 3358 365 3441 kerum,
394 3357 520 3425 Anecd.
550 3356 606 3424 Gr.
630 3380 661 3445 p.
686 3361 747 3423 224
770 3380 800 3424 v.
827 3362 875 3423 15.
921 3359 1031 3444 itaque
1060 3351 1285 3448 *ὑποβατῆρες
1310 3359 1393 3424 nihil

233 3469 321 3534 aliud
336 3469 400 3534 nisi
420 3470 604 3535 tabularum
621 3471 881 3536 substructiones
899 3491 973 3536 esse
993 3477 1140 3557 possunt.
1176 3471 1216 3536 ol.
1233 3471 1393 3537 vocabula

232 3573 415 3667 ὑποβάθρα
432 3576 575 3668 (κρηπίς,
587 3579 744 3666 θεμέλιος
755 3582 968 3668 Hesychius),
991 3575 1159 3668 ὑπόβασις
1177 3582 1277 3668 (ele.
1293 3586 1391 3649 3884:

232 3692 436 3781 κατασκευῆς
456 3689 513 3758 καί
541 3684 750 3772 ἀναστάσεως
771 3693 835 3758 τῶν
862 3717 898 3776 τε
920 3686 1118 3779 ἀνδριάντων
1139 3691 1196 3759 καί
1218 3693 1283 3759 τῶν
1305 3686 1391 3760 ὑπο-

233 3797 385 3890 βοίσεων),
408 3796 653 3892 ὖπευθοντηρία
677 3803 730 3890 (cf.
753 3805 782 3871 L
804 3827 836 3871 v.
863 3806 947 3892 105).

232 3963 236 3970 ,
280 3937 281 3942 ¹
320 3912 904 4004 7.11;τῆςέγκολοίψεωςκαὶ
929 3915 1029 4006 [τῆς]
1054 3910 1288 4005 ἐγκαίοεως.
1322 3914 1393 4004 *ἐγ-

234 4022 408 4114 κολάψεως
422 4029 618 4094 vocabulum
639 4029 693 4096 hio
713 4029 852 4116 primum
876 4030 1006 4096 obvium
1029 4036 1090 4096 cst.
1126 4035 1238 4096 contra
1260 4023 1394 4115 ἐγκολά-

232 4164 328 4206 ατιιν
350 4139 487 4206 verbum
517 4139 557 4205 de
586 4140 705 4206 litteris
730 4141 911 4208 incidendis
935 4163 1035 4229 saepe
1065 4141 1256 4225 adhibetur,
1288 4143 1392 4208 rarius

232 4247 412 4318 κολάπτων
434 4253 554 4318 omissa
580 4249 827 4339 praepositione
856 4253 903 4340 (iu
926 4255 1030 4320 titulis
1054 4254 1173 4320 Siculis
1198 4252 1283 4320 olo.
1308 4257 1392 4318 5475

233 4384 263 4432 u.
282 4366 322 4428 23
337 4386 399 4450 sq.:
422 4359 461 4431 τὸ
481 4359 588 4451 δόγμα
608 4359 685 4431 τόδε
701 4363 871 4454 κολαφθὲν
886 4361 934 4446 είς
949 4360 1072 4432 στάλαν
1088 4373 1122 4433 et
1136 4366 1181 4433 ib.
1195 4369 1275 4432 5491
1290 4388 1320 4432 v.
1337 4364 1391 4452 22)

236 4481 269 4543 et
292 4471 529 4544 ἕαικολοίνιττιν
552 4475 601 4564 (in
623 4477 718 4544 titulo
742 4477 839 4546 Oario
856 4476 942 4545 ele.
962 4482 1044 4547 2905
1068 4477 1098 4544 D
1119 4482 1185 4544 ul
1208 4499 1296 4567 sqq.:
1319 4472 1393 4564 ὅρον
