3310 5254
718 460 758 472 -
805 427 932 488 37...

243 607 354 677 inesse
377 610 542 677 debebant
554 610 595 698 ¹),
625 633 762 697 cumque
792 610 908 678 eadem
930 615 1107 697 praecepta
1130 609 1199 674 sive
1220 610 1262 674 iis
1287 609 1407 674 similia

244 745 280 788 re
298 745 378 788 vera
392 723 517 788 inserta
533 723 598 788 sint
621 744 687 788 non
704 725 810 789 solum
831 723 1047 788 instrumento
1064 721 1202 787 Deliaco
1226 721 1285 788 sed
1308 723 1407 787 etiam

243 836 310 921 legi
341 835 539 920 Tegeaticae
577 857 660 921 quae
693 827 713 923 ἡ
742 830 833 924 κοινὴ
870 829 1055 922 σύγγραφος
1085 833 1203 899 dicitur
1213 833 1258 920 ²),
1294 856 1334 900 ea
1363 855 1407 900 ex

244 949 407 1013 communi
431 947 541 1033 aliqua
561 947 637 1032 lege
660 947 819 1012 translata
842 967 916 1012 esse
933 947 1108 1012 existumo.
1141 946 1328 1012 huiusmodi
1350 948 1407 1011 lex

244 1061 424 1126 communis
453 1051 676 1137 ὁναοιτοϊκὸς
697 1052 797 1142 νόμος
830 1060 921 1123 cuius
950 1056 1068 1143 inira³)
1103 1060 1226 1124 mentio
1254 1059 1305 1141 fit,
1339 1059 1407 1144 legi

244 1173 442 1257 Tegeaticae
466 1172 500 1236 ni
522 1170 619 1236 fallor
641 1171 767 1252 similis,
790 1169 892 1236 fuisse
915 1170 1055 1236 videtur.
1092 1171 1202 1256 itaque
1226 1169 1323 1236 facile
1347 1191 1405 1236 ex-

245 1283 401 1370 plicabis,
425 1305 482 1349 cur
504 1289 673 1348 curatores
697 1304 893 1369 quamquam
915 1282 979 1369 ipsi
1004 1283 1098 1368 leges
1121 1282 1292 1348 locationis
1317 1303 1405 1347 com-

244 1396 415 1483 posuerint
425 1395 513 1461 haud
526 1417 599 1461 raro
613 1395 653 1461 de
665 1395 746 1482 ipsis
763 1395 861 1460 tertia
872 1416 1013 1482 persona
1029 1393 1175 1460 adhibita
1186 1395 1405 1481 loquantum).

331 1509 398 1588 §a
434 1507 479 1596 (v.
504 1507 667 1594 24-29).
706 1527 780 1573 neve
806 1508 966 1573 soleantor
991 1507 1176 1590 oblinatione
1203 1528 1298 1590 qaam
1325 1507 1407 1572 redi

243 1621 352 1686 mendo
374 1621 590 1686 contruserint
610 1621 666 1702 qni
687 1621 728 1687 ab
749 1620 841 1684 r'nr‘tr'o
859 1618 967 1706 saneti
981 1623 1075 1684 erant
1088 1619 1225 1700 praedes
1247 1624 1276 1685 et
1289 1618 1406 1684 redem-

237 1737 322 1814 ptor,
344 1733 438 1797 donec
459 1733 558 1814 isqui
576 1751 670 1813 opera
685 1732 799 1796 iterun
821 1731 921 1796 locata
937 1730 1037 1794 denno
1057 1729 1220 1795 redemerit
1229 1732 1253 1815 ⁵)
1270 1731 1407 1812 praedm

244 1845 364 1910 dederit
392 1845 555 1924 locupletes
563 1842 600 1929 ⁶).
652 1841 689 1906 de
719 1842 862 1923 opertbrn
889 1845 993 1906 antem
1018 1845 1112 1906 antea
1141 1840 1256 1920 effectis
1283 1843 1339 1924 qni
1365 1843 1406 1907 ab

170 2008 172 2011 ,
243 1957 336 2021 initio
355 1955 487 2038 praedes
504 1953 633 2040 fuerint
646 1973 743 2035 nepae
764 1952 808 2018 ad
826 1953 970 2018 nltimam
988 1952 1202 2033 probationem
1213 1956 1409 2034 praestanto..

245 2046 382 2156 apparet
404 2068 506 2134 verba
520 2067 592 2133 fieri
615 2066 655 2132 de
679 2065 832 2154 operibus
848 2087 868 2130 a
887 2065 992 2151 primo
1015 2064 1221 2153 redemptore
1241 2086 1307 2130 nou
1328 2087 1405 2153 per-

244 2181 340 2246 lectis
370 2201 453 2266 quae
477 2178 639 2266 quomodo
663 2178 769 2243 denuo
792 2177 931 2243 locanda
953 2183 1066 2244 essent
1092 2177 1189 2242 iniis
1218 2179 1406 2266 praeceptis

245 2313 328 2378 quae
351 2292 452 2357 totius
483 2290 705 2377 inscriptionis
734 2295 860 2376 partem
889 2295 1051 2355 servatam
1080 2290 1319 2357 antecedebant
1347 2312 1406 2357 ex-

244 2405 388 2491 positum
422 2403 523 2468 fuisse
562 2401 858 2468 demonstravimus
868 2401 904 2486 1).
965 2400 1164 2466 conferenda
1192 2408 1302 2468 autem
1331 2409 1407 2469 sunt

246 2517 333 2582 tituli
356 2515 485 2582 Deliaci
508 2514 609 2580 verba
629 2536 659 2579 v.
687 2517 725 2578 10
750 2534 796 2598 sq.
825 2520 908 2598 qu'ae
936 2512 983 2577 ita
1013 2512 1216 2578 restituenda
1244 2535 1318 2580 esse
1341 2516 1405 2581 alio

244 2630 318 2694 loco
342 2627 528 2693 ostendam:
552 2619 688 2692 ἐπειδὰν
710 2623 746 2690 δὲ
767 2617 957 2712 καταστήσῃ
982 2623 1042 2707 (sc.
1066 2616 1236 2713 ὁνικήσας
1256 2625 1297 2714 τῇ
1319 2621 1407 2715 δίκῃ)

246 2733 408 2827 ἀληθείας
430 2731 598 2826 ἐγγυητάς,
626 2730 776 2802 λελύσθω
800 2727 817 2801 ὁ
840 2735 900 2801 τοῦ
921 2729 1066 2820 ψεύδους
1087 2731 1253 2823 dolantis
1274 2738 1334 2827 τῆς
1355 2736 1407 2825 ἕρ-

246 2845 365 2938 γωνίας
387 2888 404 2898 -
418 2889 435 2898 -
450 2889 466 2898 -
484 2848 529 2934 1¹¹
547 2899 554 2914 .
572 2899 579 2914 .
603 2843 739 2936 i'p]yorl,
763 2841 840 2914 ὅσον
856 2839 895 2912 dr
908 2846 1006 2912 τοῦτο
1022 2841 1107 2933 clipea
1122 2840 1406 2934 ἆναιτωλσύμσνον,

245 2962 365 3045 ἐξέστω
396 2965 468 3042 τοῖς
499 2954 696 3039 ἐπιστάταις
723 2955 899 3046 ιῖςπρᾶξαι
931 2953 988 3026 τὸν
1013 2953 1150 3046 ἕργώιηι
1186 2958 1243 3026 καὶ
1270 2956 1328 3028 τὸν
1356 2959 1407 3028 ἐν·

247 3071 377 3165 [poprie
400 3114 417 3124 -
432 3073 502 3162 --.]
535 3073 613 3140 Deli
636 3073 723 3141 enim
746 3072 833 3138 iuter
855 3073 1040 3158 complures
1062 3072 1289 3161 redemptores
1312 3081 1405 3141 ante-

316 3248 337 3317 1)
357 3264 390 3302 aa
407 3246 469 3302 dico
491 3247 642 3317 praecepta
658 3260 731 3315 quae
747 3243 881 3314 leguntur
898 3247 929 3308 51
948 3243 971 3308 1,
992 3242 1018 3309 4,
1036 3242 1061 3308 5,
1085 3243 1109 3308 6,
1128 3244 1152 3309 7,
1173 3245 1198 3309 8,
1217 3244 1242 3310 9,
1261 3245 1407 3311 16,17,ΙΙ

245 3338 276 3399 ἐξ
294 3334 317 3400 7,
337 3335 378 3398 11,
397 3334 437 3388 12.
1083 3337 1084 3342 ’

317 3419 486 3490 ἺΤτω

315 3508 337 3576 ⁸)
355 3524 399 3561 vr.
417 3505 528 3561 88-89.

317 3594 338 3662 ι)
355 3593 420 3648 vide
438 3611 464 3663 p.
483 3592 518 3646 32
535 3609 599 3645 ann.
617 3590 642 3644 2.

317 3679 338 3747 ³)
357 3680 373 3731 o'
395 3675 699 3751 ἐπαναπριάμενος
715 3673 754 3728 ed
771 3671 968 3726 naiirnwia
986 3671 1022 3740 (v.
1043 3671 1096 3740 26).
1136 3671 1169 3727 cf.
1188 3672 1240 3727 Iul.
1259 3671 1360 3727 Pollux
1377 3672 1408 3727 in

246 3765 410 3820 onomastici
433 3764 482 3818 lib.
506 3763 559 3817 VII
583 3763 664 3827 512:
691 3760 723 3815 td
745 3760 775 3813 dt
800 3758 929 3832 δεύτερόν
951 3775 977 3811 τι
994 3757 1159 3825 πιπράσκειν
1185 3754 1340 3813 armana
1361 3757 1408 3812 καὶ

246 3833 464 3923 ἆναπιπράσιιειν
476 3849 602 3918 λέγουσιν
619 3877 633 3888 -
642 3878 656 3888 -
671 3845 718 3900 καὶ
735 3844 770 3900 td
784 3843 912 3917 δεύτερον
925 3842 1136 3915 πιπρασκόμενα
1149 3839 1407 3915 ermenoarae--

246 3935 447 4009 ἧπαλίμπωλα.
475 3935 572 4004 itaque
589 3935 684 3988 nostro
701 3934 762 3988 loco
780 3931 796 3984 α’
813 3928 1067 4000 *ἐπαναπριιίμινος
1084 3929 1108 3984 is
1125 3929 1237 3996 dieitur,
1255 3931 1305 4001 qui
1323 3948 1408 4001 opem

246 4040 319 4093 quae
349 4024 421 4078 alter
453 4023 612 4092 redemptor
651 4020 813 4091 imperfecta
842 4018 995 4088 reliquerat
1035 4017 1137 4074 iterum
1169 4020 1263 4075 locato
1299 4018 1407 4085 (παλίν-

245 4110 334 4176 πωλα)
357 4109 448 4164 denuo
470 4107 612 4163 conduxit.
651 4105 822 4176 emptionem
845 4107 939 4160 autem
962 4106 992 4159 et
1013 4105 1205 4160 venditionem
1227 4122 1245 4158 a
1268 4103 1408 4160 locatione

246 4198 275 4251 et
292 4195 484 4265 redemptione
501 4194 532 4248 in
548 4195 647 4249 horum
663 4192 861 4248 vocabulorum
879 4209 930 4246 usu
948 4208 1005 4246 nen
1023 4191 1161 4264 distingui
1178 4192 1296 4247 constat.

317 4283 337 4350 ‘)
356 4279 534 4354 ἀξιόχρεος
550 4281 639 4336 ferma
655 4280 749 4334 ionica
767 4278 878 4349 (Herod.
891 4279 931 4333 IV
944 4279 1003 4348 126)
1022 4296 1039 4334 a
1056 4279 1264 4343 recentioribus,
1280 4276 1398 4345 Polybio

245 4366 378 4436 Dionysio
396 4366 486 4421 Halia.
504 4365 567 4421 aliis
584 4364 741 4420 adhibetur.

316 4454 339 4523 τ)
357 4453 389 4508 cf.
409 4453 475 4518 (1θὲ
493 4454 508 4507 1
528 4468 600 4522 quae
618 4448 824 4521 disputavimus
841 4467 868 4519 p.
886 4447 922 4503 30
939 4465 978 4518 sq.
