3310 5254
701 449 920 515 ..67-

233 640 261 706 si
277 640 429 727 ponimus
441 640 543 706 verba
557 640 761 726 μιλτολογεῖν
772 647 806 706 et
821 635 1002 723 σύμμιλτος
1017 639 1059 704 ad
1075 639 1213 704 candem
1228 638 1394 726 pertinere

232 774 312 834 rem,
337 759 519 817 statuamus
543 774 679 819 neccsse
704 760 756 818 est
778 753 952 839 lapicidam
975 752 1121 816 adhibita
1144 753 1276 817 rubrica
1296 753 1398 816 ratio-

233 865 336 929 cinari
351 864 594 950 (μιλτολογεῖν),
611 873 731 950 quanta
746 865 865 952 lapidis
880 886 957 950 pars
970 859 1151 947 σύμμιλτος
1163 865 1216 945 sit,
1230 870 1397 950 postremo

233 977 426 1041 confirmare
448 978 535 1041 latus
558 984 663 1041 totum
687 971 868 1060 σύμμιλτον
891 997 973 1040 esse.
1010 997 1106 1060 quam
1127 997 1197 1040 rem
1220 975 1291 1040 fieri
1313 975 1397 1040 vidi·

233 1110 305 1153 mus
322 1089 363 1152 ad
379 1089 525 1173 regulam
543 1088 673 1152 rubrica
689 1087 864 1180 Sinopensi
879 1089 1013 1152 oblitam
1027 1088 1096 1152 sive
1112 1088 1256 1153 tinctam.
1280 1089 1397 1172 quibus

233 1201 332 1265 rebus
366 1201 504 1264 conlatis
537 1200 703 1280 omnibus,
736 1200 818 1264 hacc
847 1200 1045 1286 perspicitur
1073 1200 1156 1264 ratio
1186 1200 1301 1285 paucis
1332 1200 1398 1264 iam

235 1334 332 1398 supra
356 1314 507 1398 exposita
529 1335 593 1398 qua
614 1333 680 1377 non
695 1311 808 1377 'solum
831 1312 1033 1395 antiquitatis
1057 1311 1116 1376 sed
1145 1313 1245 1376 ctiam
1266 1318 1397 1376 nostrae

234 1425 352 1489 aetatis
380 1425 541 1510 lapicidae
569 1425 686 1512 lapidis
713 1426 889 1510 polituram
917 1424 1106 1488 examinare
1129 1429 1163 1487 et
1185 1423 1398 1510 comprobare

235 1538 352 1600 solent.
376 1539 524 1620 regulam
546 1538 743 1602 rubricatam
756 1537 931 1602 admovent
954 1536 996 1599 cd
1017 1534 1136 1621 lapidis
1159 1537 1245 1599 latus
1261 1535 1295 1598 id
1311 1533 1398 1619 quod

235 1647 507 1734 complanandum
536 1654 600 1728 est,
633 1655 669 1712 ut
697 1649 811 1713 lateris
839 1655 949 1733 partes
977 1669 1060 1732 quac
1084 1654 1262 1732 tanguntur
1285 1666 1399 1710 omncs

236 1761 344 1824 colore
377 1759 574 1823 inficiantur.
624 1780 687 1844 quo
718 1759 847 1845 planior
876 1759 939 1824 erit
966 1758 1086 1844 lapidis
1122 1759 1328 1844 superficies,
1358 1780 1397 1823 eo

236 1873 377 1936 maiores
400 1871 472 1936 eius
502 1870 689 1935 inficientur
710 1877 838 1956 partes,
872 1870 900 1933 si
926 1890 1060 1954 prorsus
1089 1870 1296 1957 complanata
1325 1870 1397 1950 erit,

235 1990 305 2048 tota
338 1984 447 2047 colore
482 1982 662 2063 inficietur,
697 1982 744 2045 ita
778 1989 815 2044 ut
850 1981 935 2046 iuste
972 1976 1153 2064 σύμμιλτος
1184 1981 1250 2046 dici
1283 1982 1398 2067 possit.

236 2097 346 2178 itaque
370 2095 519 2158 rubricae
544 2115 605 2179 ope
628 2092 770 2178 lapicida
793 2093 1006 2158 ratiocinatur
1027 2092 1252 2178 (μιλτολογεῖ),
1277 2099 1399 2178 quanta

235 2205 354 2292 lapidis
371 2226 447 2291 pars
464 2205 560 2290 plana
581 2204 633 2282 sit,
651 2203 793 2288 denique
810 2204 1003 2289 comprobat
1017 2203 1135 2289 lapidis
1153 2205 1398 2290 perfectionem.

237 2319 378 2403 operarii
400 2325 511 2383 autem
537 2317 698 2382 dictiones
719 2315 923 2402 μιλτολογεῖν
945 2308 1015 2381 ἀπὸ
1038 2315 1149 2396 §occos
1170 2312 1255 2402 πρὸς
1276 2310 1398 2382 κανόνα

237 2429 283 2492 ita
305 2450 465 2514 usurpare
489 2429 654 2508 solebant,
682 2429 775 2512 quasi
797 2426 1001 2512 μιλτολονεῖν
1025 2429 1237 2513 significaret:
1262 2430 1398 2514 exigere

237 2540 278 2604 ad
302 2543 449 2625 regulam
472 2546 506 2604 ct
527 2539 674 2603 adhibito
698 2540 824 2625 scalpro
848 2542 998 2627 sculpere
1022 2542 1090 2605 sive
1113 2541 1290 2624 laevigare.

323 2651 365 2716 V.
402 2655 476 2716 104:
528 2643 608 2717 ἀπὸ
646 2648 785 2730 ξοΐὸος
828 2651 1051 2739 papaueris,
1099 2650 1267 2739 πυκνῆς,
1322 2649 1400 2716 ἑπ-

237 2759 479 2849 ηκονημένης
501 2769 534 2827 et
550 2783 579 2827 v.
601 2765 677 2826 107:
702 2754 781 2828 ἀπὸ
803 2761 945 2842 §ottae
967 2759 1169 2848 τραχείας.
1203 2762 1245 2826 ad
1267 2763 1396 2849 lapides

237 2874 448 2959 laevigandos
483 2874 617 2960 opifices
654 2874 780 2938 duobus
810 2875 858 2938 uti
891 2875 1045 2939 iubentur
1075 2875 1316 2956 instrumentis,
1352 2875 1399 2938 ita

236 2986 398 3066 nimirum,
421 2992 458 3048 ut
481 3005 537 3049 eos
561 2985 700 3071 primum
723 2986 949 3051 instrumentis
972 2985 1159 3050 durioribus
1181 2988 1298 3072 planos
1322 2987 1396 3052 red-

236 3098 324 3178 dant,
346 3104 514 3183 postremo
529 3097 753 3162 instrumentis
770 3099 900 3184 proprie
916 3098 1098 3183 designatis
1122 3099 1269 3182 singulas
1286 3107 1395 3185 partes

235 3211 410 3294 laevigant.
453 3217 550 3294 atque
575 3211 608 3272 in
631 3209 842 3295 inscriptione
867 3218 1164 3274 commemorantur
1187 3211 1268 3276 haec
1291 3212 1395 3276 ferra-

236 3329 346 3387 menta
368 3327 402 3385 et
424 3321 550 3405 reliqua
572 3342 662 3384 arma
684 3320 899 3404 quadratariis
921 3321 1171 3385 Lebadcnsibus
1194 3321 1394 3386 adhibenda:

272 3434 299 3498 Ι.
323 3435 578 3498 ferramenta.

334 3544 365 3632 1)
392 3543 544 3624 ξοΐδες,
569 3546 705 3630 scalpra.

410 3680 438 3722 a.
463 3656 548 3736 ξοῒς
569 3650 754 3744 pacomii,
780 3658 941 3743 scalprum
965 3657 1134 3720 dentatum
1156 3655 1390 3743 (‚Zabneisen‘,

462 3770 516 3854 fig.
549 3767 619 3856 11),
653 3769 691 3833 cf.
721 3790 750 3832 v.
777 3769 851 3832 184:
884 3763 1152 3854 μιλτολογησάτω
1186 3759 1256 3834 ἀπὸ
1285 3767 1396 3848 gotum

463 3881 635 3970 χαρακτῆς.
682 3881 754 3945 aliis
777 3882 858 3945 locis
882 3880 1140 3966 distinguuntur:

496 4017 527 4056 α.
552 3991 636 4071 ξο“ὶ”ς
651 3986 832 4078 χαρακτὴ
849 3987 979 4078 πυκνὴ
999 3988 1283 4078 ἕπηκονημὲνη,
1310 3996 1396 4057 scal-

549 4127 642 4190 prum
666 4104 834 4169 dentatum
858 4104 995 4169 densum
1019 4111 1159 4185 acutum,
1183 4104 1223 4168 cf,
1247 4126 1297 4171 vv.
1324 4109 1395 4189 104,

552 4219 777 4298 147,165‚et

495 4333 527 4412 β.
551 4327 639 4407 ξοῒς
652 4321 828 4415 χαρακτὴ
844 4329 1027 4412 τραχεῖα,
1046 4327 1208 4412 scalprum
1225 4327 1394 4393 dentatum

550 4440 677 4522 durum,
701 4441 741 4503 cf.
764 4462 815 4506 vv.
843 4443 912 4520 107,
939 4443 1009 4502 121.

1204 4559 1240 4612 5*
