3310 5254
735 443 925 502 ..4-

252 625 362 710 aliqua
386 646 444 712 spe
466 626 543 690 novi
565 626 689 692 fructus
712 627 863 714 capiendi
883 627 991 693 denuo
1013 633 1199 694 retractem.
1232 627 1342 710 itaque
1366 645 1409 689 ex

252 757 431 823 permagno
457 738 704 825 inscriptionum
724 745 859 825 propter
881 740 1132 804 architecturam
1147 736 1409 804 memorabilium

251 870 387 915 numero
422 850 492 915 eius
530 852 731 916 monumenti
765 853 941 939 praecipue
979 841 1080 917 habui
1110 852 1289 932 rationem,
1323 848 1408 934 quod

252 962 396 1026 omnium
418 963 657 1049 amplissimum
678 985 785 1050 neque
814 964 855 1030 ab
884 965 951 1030 ullo
980 965 1049 1030 viro
1077 963 1173 1030 docto
1200 963 1305 1028 adhuc
1332 982 1408 1048 per-

252 1079 426 1139 tractatum
461 1080 525 1156 est,
559 1075 804 1162 inscriptionem
832 1075 905 1142 dico
933 1073 1164 1142 Lebadensam
1191 1097 1211 1140 a
1241 1073 1408 1159 Stephano

252 1185 444 1252 Oumanude
475 1187 509 1251 in
531 1185 696 1253 Athenaei
724 1188 888 1254 volumine
918 1194 1033 1273 quarto
1063 1186 1196 1253 editam.
1239 1206 1324 1271 quae
1347 1183 1408 1250 hoc

252 1306 463 1364 monumento
492 1299 631 1386 aliisque
662 1300 823 1366 similibus
852 1301 1073 1381 continentur,
1107 1319 1181 1364 cnm
1210 1319 1251 1363 ea
1279 1303 1335 1364 aut
1368 1296 1409 1361 ad

252 1431 388 1498 operum
425 1409 740 1478 administrationem
777 1419 833 1478 aut
872 1412 914 1478 ad
952 1412 1081 1498 singula
1117 1432 1218 1498 opera
1253 1409 1409 1475 struenda

251 1523 453 1610 pertineant,
484 1523 739 1610 disputationem
771 1525 959 1613 bipertitam
995 1546 1069 1591 esse
1107 1529 1246 1611 oportet.
1298 1523 1409 1608 itaque

251 1635 360 1722 priore
384 1637 658 1703 commentatione
681 1638 892 1724 quaestiones
924 1637 966 1703 ad
992 1636 1126 1723 negotia
1153 1634 1411 1702 administranda

254 1754 442 1835 spectantes
465 1750 632 1833 tractabo,
660 1751 765 1817 altera
787 1751 1061 1816 commentatione
1089 1751 1123 1814 in
1150 1770 1252 1836 opera
1273 1749 1346 1836 ipsa
1368 1746 1409 1812 de

252 1860 372 1946 quibus
389 1861 552 1928 struendis
574 1863 609 1927 in
630 1863 725 1928 titulo
741 1862 929 1929 Lebadensi
951 1861 1059 1948 agitur
1073 1861 1234 1946 inquiram
1256 1882 1295 1926 ac
1314 1860 1412 1925 simul

252 1992 476 2059 quaecumque
492 1974 534 2039 ad
547 1976 755 2061 quaestiones
767 1974 953 2063 propositas
964 1973 1147 2061 spectantia
1163 1993 1206 2038 ex
1221 1973 1295 2039 aliis
1307 1972 1410 2038 titulis

253 2083 390 2150 Graecis
413 2086 544 2150 enotavi
567 2085 770 2172 subiungam.

344 2195 409 2262 sed
438 2198 627 2284 priusquam
654 2203 782 2264 textum
809 2198 851 2263 ab
880 2196 1005 2264 editore
1037 2198 1145 2284 priore
1174 2195 1411 2262 conformatum

254 2329 448 2396 proponam,
479 2309 561 2374 nihil
583 2309 690 2375 habeo
714 2311 879 2395 antiquius
903 2331 999 2396 quam
1021 2315 1058 2374 ut
1078 2311 1200 2396 gratias
1224 2330 1320 2395 agam
1343 2309 1411 2374 sin-

256 2423 387 2508 gulares
416 2421 536 2486 Adolfo
558 2422 731 2488 Michaelis
759 2429 793 2488 et
818 2422 960 2488 Rudolfo
989 2422 1114 2503 Scholl,
1141 2422 1412 2509 praeceptoribus

257 2534 603 2620 Argentoratensibus,
627 2535 680 2621 qui
697 2535 775 2600 mihi
791 2515 825 2600 in
840 2555 919 2620 agro
937 2534 1015 2600 satis
1031 2541 1124 2600 vasto
1140 2556 1178 2600 ac
1193 2555 1299 2622 paene
1321 2534 1413 2599 nulla

256 2652 413 2735 exparte
437 2648 525 2712 culto
550 2647 749 2733 nequiquam
772 2668 871 2734 saepe
894 2647 1055 2712 laboranti
1083 2667 1209 2712 summa
1231 2667 1305 2711 cum
1327 2646 1411 2711 libe-

254 2760 384 2824 ralitate
407 2759 565 2824 auxilium
586 2760 742 2826 tulerunt.
