3310 5254
762 389 954 450 ..2-

362 555 478 641 Itaque
502 577 614 621 omues
636 556 820 623 litterarum
841 557 996 643 reliquias
1018 559 1263 644 perlustramus
1291 563 1330 622 et
1357 578 1466 643 quae-

277 687 414 753 cumque
430 667 472 732 ad
487 669 738 735 architecturam
754 676 904 757 spectant
919 691 993 735 cum
1010 692 1052 735 ex
1069 671 1271 758 scriptorum
1291 671 1466 756 operibus

275 785 344 844 tum
361 801 404 845 ex
415 780 682 869 inscriptionibus
698 803 913 868 congeramus
926 788 1064 871 oportet.
1088 805 1151 870 quo
1163 804 1269 870 opere
1285 783 1465 848 suadente

274 891 426 958 Renardo
444 893 587 976 Keknle,
610 901 825 982 praeceptore
841 895 1018 978 Bonnensi‚
1042 897 1190 962 instituto
1211 897 1356 961 initium
1384 895 1466 980 cepi

276 1025 296 1069 a
318 1006 422 1070 titulis
447 1005 594 1073 Graecis.

360 1142 483 1208 Notum
509 1145 596 1208 enim
627 1150 678 1209 est
708 1145 884 1230 tritumque
911 1145 1060 1210 omnibus
1084 1145 1194 1232 quiin
1221 1144 1355 1210 studiis
1382 1144 1461 1230 epi-

276 1255 444 1342 graphicis
478 1262 662 1338 versantur,
697 1257 731 1321 in
768 1256 1037 1343 inscriptionibus
1075 1258 1201 1343 graecis
1242 1257 1461 1344 saepissime

276 1369 521 1433 commemorari
543 1373 576 1433 et
590 1368 739 1434 aedificia
756 1375 791 1434 et
807 1368 1028 1434 aedificiorum
1043 1376 1166 1457 partes,
1190 1391 1276 1456 quae
1295 1370 1335 1434 in
1352 1390 1460 1434 usum

274 1480 440 1568 publicum
462 1501 633 1546 sacrumve
655 1486 712 1546 aut
732 1502 752 1546 a
771 1481 939 1546 titulorum
961 1482 1150 1548 auctoribus
1165 1481 1275 1548 dicata
1293 1487 1381 1548 sunt
1397 1487 1459 1546 aut

276 1598 444 1659 exstructa
465 1592 507 1658 ab
533 1593 733 1675 hominibus,
768 1593 802 1658 in
834 1613 970 1678 quorum
1004 1593 1162 1659 honorem
1189 1593 1332 1660 decreta
1361 1593 1457 1658 iacta

274 1706 379 1772 titulis
409 1705 627 1771 continentur.
676 1726 759 1792 quae
786 1706 1015 1792 inscriptiones
1047 1707 1194 1792 quamvis
1223 1727 1376 1772 necesse
1410 1705 1456 1770 sit

275 1817 450 1904 diligenter
474 1819 704 1884 examinentur
732 1839 861 1900 omnes,
889 1818 976 1884 unde
1006 1820 1138 1885 nomina
1165 1818 1207 1884 ad
1233 1817 1455 1904 designanda

277 1930 409 2016 singula
424 1929 646 1995 aedificiorum
660 1930 807 1996 membra
827 1951 847 1995 a
861 1930 1028 1996 veteribus
1043 1931 1141 1996 variis
1157 1931 1371 2018 temporibus
1391 1929 1452 1996 ad-

276 2042 381 2108 hibita
396 2043 551 2128 cognosci
567 2044 704 2129 possint,
727 2047 838 2108 tamen
853 2041 893 2107 ad
921 2043 1146 2111 illustrandam
1163 2043 1243 2108 artis
1264 2043 1449 2110 historiam

275 2176 342 2220 non
353 2156 464 2240 magui
478 2161 553 2220 sunt
564 2155 732 2220 momenti.
754 2155 819 2219 illis
835 2156 939 2221 titulis
953 2177 1027 2222 cum
1041 2177 1178 2222 numero
1193 2157 1297 2221 multo
1316 2157 1449 2222 rariora

278 2274 346 2333 tum
383 2271 518 2354 propter
545 2287 652 2331 rerum
689 2267 804 2332 silvam
839 2287 924 2352 quaa
957 2289 1000 2333 ex
1028 2268 1076 2333 cis
1106 2268 1287 2354 comparari
1318 2272 1447 2355 potest,

276 2378 378 2444 multo
394 2377 553 2462 digniora,
577 2378 611 2442 in
626 2398 709 2463 quae
726 2377 974 2464 diligentissime
991 2379 1202 2464 inquiramus,
1225 2385 1444 2446 monumento

278 2490 488 2578 epigraphica
511 2496 587 2555 sunt
609 2489 650 2554 ad
672 2491 761 2577 ipsas
785 2489 1031 2556 aedificationes
1056 2511 1138 2578 quae
1160 2491 1341 2577 pertinent.
1391 2489 1446 2576 qui

277 2605 365 2671 tituli
388 2604 422 2667 in
444 2603 504 2668 has
527 2603 651 2668 classes
673 2624 739 2668 non
762 2603 873 2690 inepte
896 2603 1131 2670 discribentur:

295 2784 322 2850 I.
345 2785 562 2851 instrumenta
595 2784 758 2871 lapidibus
793 2785 897 2851 incisa
931 2785 1049 2872 quibus
1084 2781 1292 2850 condiciones
1324 2782 1442 2872 operis

342 2893 486 2962 faciendi
509 2896 726 2961 continentur.

432 3043 465 3131 a)
488 3043 683 3110 locationes:
740 3041 907 3112 decretum
944 3050 1077 3108 senatus
1109 3050 1143 3109 et
1174 3044 1287 3131 populi
1315 3042 1358 3110 de
1388 3063 1442 3108 re-

408 3156 556 3222 ficiendis
587 3156 797 3221 munimentis
825 3155 1030 3222 Athenarum
1062 3155 1148 3222 om.
1175 3155 1210 3220 Π
1242 3158 1317 3234 167;
1351 3157 1442 3246 Ιοοει-ι

407 3269 532 3334 tionum
555 3269 771 3335 instrumenta
796 3268 936 3336 Deliaca
961 3268 1047 3334 ola.
1072 3271 1165 3345 2266,
1186 3261 1370 3356 Ἀθήναιον
1390 3265 1441 3332 IV

406 3403 438 3468 p.
451 3385 638 3458 454—455;
659 3381 774 3446 titulus
789 3383 844 3467 qui
857 3380 898 3446 ad
909 3381 1069 3467 templum
1086 3380 1174 3446 Iovis
1190 3379 1365 3446 Lebadeae
1378 3401 1438 3446 en-

409 3492 600 3558 struendum
614 3492 758 3580 pertinet
766 3484 947 3580 Ἀθήναιον
959 3492 1008 3556 IV
1020 3515 1052 3580 p.
1067 3495 1129 3558 369
1142 3513 1221 3579 sqq„
1238 3514 1335 3579 quem
1352 3492 1439 3558 infra

407 3612 567 3693 repetam;
590 3605 704 3670 titulus
724 3604 904 3671 Lesbiacus
927 3627 947 3670 a
971 3605 1107 3692 Cyriaco
1131 3611 1280 3671 servatus
1296 3605 1436 3692 Ephem.

408 3719 510 3806 epigr.
534 3717 569 3782 II
591 3739 624 3804 p.
647 3722 665 3781 5
688 3739 720 3784 n.
743 3717 822 3799 XII,
845 3717 911 3783 alii.
940 3717 1057 3802 quibus
1085 3719 1190 3784 titulis
1214 3718 1436 3784 continentur:

487 3851 514 3912 1.
537 3852 715 3933 praecepta
748 3867 831 3933 quae
865 3844 907 3911 ad
934 3847 1069 3932 negotia
1097 3845 1243 3934 gerenda
1277 3851 1436 3934 spectant.

451 3943 492 4024 ea
518 3958 552 4022 in
579 3959 709 4043 singula
735 3959 951 4024 instrumenta
979 3980 1022 4024 ex
1045 3959 1209 4024 communi
1231 3959 1341 4044 aliqua
1361 3960 1435 4044 loge

451 4071 610 4135 translata
624 4071 727 4136 fuisse
742 4071 904 4154 videntur,
921 4073 1026 4158 qualis
1040 4073 1096 4138 lex
1112 4093 1185 4136 cum
1202 4092 1435 4136 commemora·

450 4188 504 4247 tur
525 4183 559 4259 in
581 4184 677 4248 titulo
692 4183 881 4250 Lebadensi
902 4182 944 4270 (v.
961 4186 1002 4250 88
1019 4205 1066 4270 sq.
1083 4175 1100 4248 ὁ
1116 4177 1298 4262 ναοποϊκὸς
1312 4178 1433 4268 νόμος),

450 4301 520 4360 tum
551 4299 697 4360 servatur
726 4301 936 4362 monumento
964 4295 1096 4380 Tegeae
1131 4301 1264 4383 reperto
1289 4296 1337 4362 Le
1352 4296 1434 4362 Bas*

450 4406 593 4473 Foucart
614 4409 727 4495 Pelop.
751 4432 782 4473 n.
806 4412 867 4474 340
892 4430 919 4473 e.
