3310 5254
708 473 923 539 -20-

237 685 319 754 opus
356 662 540 734 laciendum
574 663 776 748 institueret,
813 665 921 731 soluta
956 664 1066 730 fuerit.
1116 662 1258 729 indicem
1284 668 1398 728 autem

237 800 372 868 operum
400 781 436 860 (t.
461 777 516 863 16)
550 783 718 844 curatores
752 784 829 844 tunc
863 779 1088 864 composuisse
1117 776 1283 856 ridentur,
1321 797 1396 840 cum

236 914 337 979 opera
381 891 518 976 singulis
559 889 738 955 artificibus
776 891 1002 957 attribuerent.
1068 895 1192 954 certum
1242 888 1397 958 salarium

237 999 393 1088 (μισθόν)
416 1003 621 1090 accipiebant
641 995 658 1069 ὃ
682 995 876 1089 ἀρχιτέκτων
899 1009 933 1068 et
955 994 974 1068 ὃ
996 994 1316 1088 ὑπογραμματεύςῑ).
1354 1022 1399 1065 ex

236 1117 350 1204 pretiis
380 1117 495 1182 solutis
525 1120 661 1203 apparet
695 1115 876 1200 asingulis
905 1113 1085 1178 artificibus
1112 1114 1219 1178 socios
1246 1118 1302 1176 aut
1326 1134 1396 1177 om-

237 1229 314 1294 nino
338 1249 403 1294 non
425 1227 589 1293 adhibitos
612 1227 713 1292 fuisse
741 1234 797 1291 aut
819 1247 1017 1313 perpaucos:
1048 1247 1110 1291 neo
1136 1226 1200 1290 nisi
1226 1225 1278 1290 bis
1305 1230 1398 1290 terve

237 1341 271 1404 in
293 1340 398 1404 titulis
421 1340 558 1405 alicuius
583 1340 716 1404 artificis
740 1340 848 1404 socius
871 1332 1051 1424 (συνεργός)
1079 1336 1396 1424 commemoram2).

238 1451 377 1538 denique
405 1451 555 1538 lapicidis
587 1453 641 1537 qui
673 1452 895 1517 columnarum
922 1446 1087 1536 ῥάβδωοιν
1115 1451 1309 1538 sculpebant
1334 1472 1399 1536 qua

237 1564 363 1631 ratione
390 1563 559 1630 mercedes
593 1585 759 1650 expensae
794 1565 874 1646 sint,
910 1562 1132 1649 quaerendum
1164 1572 1224 1630 est.
1280 1565 1399 1628 mirum

238 1677 326 1744 enim
349 1683 414 1759 est,
437 1676 523 1762 quod
545 1676 707 1763 lapicidae
731 1677 764 1741 in
787 1676 902 1742 eadem
918 1677 1068 1741 columna
1085 1676 1231 1741 strianda
1245 1676 1399 1763 occupati

240 1789 378 1876 singulis
421 1789 580 1876 prytaniis
620 1809 718 1874 pares
753 1787 921 1854 mercedes
956 1789 1175 1875 accipiebant,
1209 1789 1264 1874 qui
1301 1790 1401 1853 aliam

239 1902 423 1968 columnam
438 1900 648 1986 laevigabant
669 1922 728 1987 per
743 1900 880 1966 eandem
896 1902 1079 1987 prytaniam
1094 1901 1236 1988 impares
1247 1900 1284 1986 ³).
1314 1900 1401 1986 quod

240 2016 268 2080 si
290 2014 434 2081 rationes
463 2013 717 2092 examinaveris,
744 2012 889 2094 videbis,
919 2035 982 2099 quo
1005 2015 1109 2079 maior
1130 2013 1344 2102 lapicidarum
1366 2015 1402 2078 in
1517 2057 1519 2067 ι

240 2126 357 2194 eadem
374 2127 524 2190 columna
544 2129 775 2211 occupatorum
790 2125 889 2190 fuerit
905 2147 1072 2206 numerus,
1096 2147 1134 2192 eo
1151 2127 1293 2192 minores
1314 2148 1401 2191 mer-

240 2238 330 2304 cedis
344 2237 511 2324 portiones
528 2236 665 2321 singulis
682 2237 806 2301 solutas
823 2258 907 2302 esse.
932 2242 1029 2322 atque
1047 2238 1075 2302 si
1088 2239 1246 2323 pecuniae
1263 2239 1402 2322 singulis

239 2350 398 2438 prytaniis
419 2349 453 2414 in
475 2349 611 2434 singulis
627 2348 785 2412 columnis
801 2348 1004 2432 laevigandis
1025 2357 1236 2437 consumptae
1257 2372 1401 2415 summas

241 2463 447 2545 subduxeris,
470 2461 608 2528 babebis
632 2481 774 2526 summas
797 2459 928 2542 solidas,
942 2461 1143 2548 vplerumque
1166 2484 1273 2548 pares.

240 2618 384 2674 columneo
437 2615 576 2686 aptasse
705 2579 974 2723 nrmmcepvffl,
989 2582 1097 2723 unm}
1125 2617 1172 2671 rx.
1245 2617 1306 2686 xa)

352 2812 358 2825 .
422 2771 546 2831 Λάοσσος
560 2769 653 2824 'Alam
723 2789 747 2823 ιι.
767 2771 794 2822 οἱ
810 2769 847 2823 tr.
920 2770 934 2824 'l
1013 2771 1065 2824 100
1125 2772 1176 2826 110

353 2915 359 2928 .
423 2874 562 2947 ᾧαλακρος
579 2880 674 2927 Παιαν.
744 2916 761 2941 ,,
814 2916 830 2940 ,,
920 2873 934 2927 ¹?
1013 2873 1065 2927 100
1126 2876 1177 2930 110

354 3019 359 3032 .
420 2975 588 3047 Ἀμεινιάδης
605 2977 635 3031 ἓν
654 2975 733 3046 Κοίλῃ
754 2979 787 3029 οἰ.
814 3018 830 3043 ,,
926 2976 961 3031 90
1013 2977 1064 3032 100
1127 2977 1178 3033 110

354 3122 359 3134 .
422 3079 518 3152 Σιμίας
533 3077 625 3134 ³Alunt.
644 3083 677 3133 οἰ.
744 3121 760 3146 ,,
814 3121 829 3146 ,,
927 3079 961 3134 90
1014 3081 1065 3136 100

354 3225 360 3238 .
420 3184 557 3255 Ὁνήοιμος
574 3191 697 3257 Νικοστρ.
745 3224 760 3250 ,,
814 3225 830 3250 ,,

313 3287 360 3342 VI.
424 3289 556 3356 Θεογένης
573 3294 675 3362 Πειραι.
745 3328 761 3353 ,,
814 3328 831 3354 ,,
927 3289 962 3342 90
1030 3289 1044 3342 ‘l
1112 3289 1156 3358 [60
1204 3186 1208 3361 l

1150 3290 1282 3394 w

314 3480 335 3546 ¹)
354 3477 386 3532 cf.
405 3477 760 3546 20a001.1v.55=qq.;
779 3477 862 3531 cccl.
881 3477 909 3531 H
927 3495 953 3531 v.
972 3477 989 3530 8
1006 3495 1066 3547 sqq.

240 3627 247 3652 Ι
314 3565 335 3633 ²)
354 3564 434 3618 inser.
458 3563 494 3618 20
515 3581 532 3617 a
557 3563 607 3618 col.
630 3563 685 3618 lv.
703 3563 819 3622 ata—41:
845 3562 971 3636 πρίοταις
990 3559 1053 3614 καθ’
1078 3563 1187 3636 ἡμέραν
1209 3563 1401 3636 ἐργαζομένοις

244 3681 282 3692 --
298 3650 375 3704 δυοῖν
390 3647 503 3722 ἀνδροῖν
520 3679 558 3689 --
573 3648 676 3720 ‘Pccdr'rp
694 3677 732 3690 -·
750 3647 796 3701 καὶ
813 3651 944 3722 συνεργῷ.
976 3648 1044 3703 socii
1061 3649 1096 3703 ab
1115 3651 1154 3704 eis
1173 3651 1333 3717 artificibus,
1352 3652 1401 3721 qui

244 3736 342 3808 pretiis
360 3734 519 3790 constitutis
540 3752 624 3805 opera
647 3736 825 3805 susceperant
843 3736 872 3788 et
888 3733 1058 3805 μισθώματα
1075 3735 1262 3805 accipiebant,
1280 3738 1401 3792 adhibiti

245 3842 294 3878 cur
315 3825 607 3888 commemorarentur,
630 3840 687 3877 non
713 3823 773 3876 erat
801 3839 891 3876 causa.
932 3823 1079 3892 propterea
1099 3825 1168 3892 puto
1192 3824 1224 3878 17
1245 3842 1271 3878 v.
1289 3825 1324 3878 42
1345 3843 1401 3879 non

244 3910 320 3963 recta
337 3907 499 3962 restitutum
516 3925 587 3963 esse:
608 3907 754 3981 Φαλάκρῳ-
771 3905 829 3976 xa[l
846 3908 971 3978 συνεργῷ
989 3907 1045 3976 Δ]Δ
1062 3909 1117 3961 κτλ.
1153 3926 1254 3964 nomen
1271 3911 1312 3965 ibi
1330 3911 1401 3966 desi·

246 3994 366 4048 deretur.

317 4081 338 4150 ⁸)
358 4079 391 4134 of.
410 4078 485 4132 titul.
503 4078 545 4132 20.

319 4168 341 4236 4)
360 4167 459 4220 octava
477 4165 608 4235 prytanis
626 4165 755 4220 columna
779 4164 879 4233 quinta
897 4164 1025 4219 absoluta
1048 4180 1106 4218 esse
1123 4164 1241 4223 videtur.
1278 4167 1312 4223 de
1328 4168 1403 4239 frag-

190 4263 192 4270 ’
246 4252 378 4308 mentod
404 4252 551 4321 prytaniae
576 4252 699 4306 decimae
716 4250 864 4305 tribuendo
886 4251 920 4306 cf.
944 4250 1088 4331 Michaelis
1105 4251 1123 4305 l.
1142 4253 1161 4306 l.
1179 4272 1206 4323 p.
1224 4254 1267 4308 52.
1290 4285 1323 4294 -
1347 4256 1402 4309 dis-

248 4341 365 4395 crimina
384 4337 497 4407 exigua,
522 4355 594 4407 quae
615 4339 689 4392 inter
706 4337 845 4392 mercedes
862 4335 992 4407 lapicidis
1014 4337 1044 4390 in
1062 4337 1159 4393 eadem
1177 4340 1306 4395 columna
1323 4358 1402 4397 occu·

247 4428 322 4498 patis
340 4427 444 4481 solutas
462 4425 647 4491 intercedunt,
665 4423 847 4495 praetermisi.
866 4455 899 4463 -
918 4425 1012 4478 sextae
1030 4426 1175 4481 columnae
1192 4427 1321 4497 lapicidis
1337 4447 1402 4498 pry-

248 4513 326 4570 tania
343 4513 383 4567 IX
401 4528 457 4565 non
475 4511 521 4566 ΟΧ
541 4510 588 4565 sed
606 4511 654 4565 LX
673 4510 817 4564 drachmas
835 4509 940 4564 solutas
959 4525 1017 4563 esse
1030 4526 1131 4567 censeo
1149 4513 1193 4582 (cf.
1212 4531 1227 4568 c
1244 4514 1271 4567 Π
1290 4531 1314 4569 v.
1332 4515 1384 4584 08).
