3310 5254
742 449 956 520 ..μμ

270 635 376 707 iactae
412 629 600 730 (ὠνήματα)
634 642 668 707 in
701 643 884 710 rationibus
918 643 1055 711 redditis
1090 642 1275 711 enumerari
1312 643 1428 712 solent.

270 754 457 820 mercedem
481 755 619 842 singulis
642 757 812 843 opificibus
834 779 893 844 pro
910 759 1065 846 operibus
1086 759 1213 824 effectis
1236 760 1326 825 vario
1349 781 1427 826 sane

270 866 366 931 modo
390 868 571 933 solvebant.
611 869 746 955 opifices
763 869 849 935 enim
872 877 929 934 aut
951 871 984 934 in
1008 870 1079 936 dies
1103 871 1248 956 singulos
1266 871 1428 938 conduce-

270 977 390 1044 bantur
419 981 557 1065 inques
590 982 659 1047 sive
690 982 835 1066 singulas
865 981 1034 1046 drachmas
1067 983 1186 1067 singuli
1214 984 1282 1049 sive
1312 984 1428 1070 quinos

196 1117 201 1132 ·
271 1091 384 1156 obolos
421 1091 627 1178 accipiebant
661 1088 916 1179 (aofiqpcptosa)
926 1092 970 1179 1),
1013 1101 1069 1158 aut
1106 1095 1311 1161 redimebant
1346 1117 1427 1182 opus

270 1203 456 1269 faciendum
479 1205 571 1270 cuius
587 1205 728 1290 pretium
751 1205 820 1270 sive
847 1205 881 1270 in
904 1211 1099 1291 perpetuum
1113 1206 1215 1270 fixum
1231 1213 1310 1288 erat,
1334 1209 1429 1273 sicuti

269 1315 303 1379 id
320 1315 406 1401 quod
425 1317 459 1380 in
474 1315 651 1403 anaglyphi
671 1317 791 1402 figuras
815 1316 958 1403 expendi
981 1318 1108 1383 solebat
1116 1317 1154 1405 2),
1178 1319 1246 1384 sive
1262 1340 1321 1405 pro
1338 1324 1428 1384 certa

270 1435 363 1514 parte
386 1429 599 1494 constitutum
621 1424 867 1513 (μισθώματα).
903 1431 949 1493 ita
970 1430 1004 1494 in
1026 1429 1238 1517 inscriptione
1265 1431 1427 1496 17aindc

270 1561 334 1604 av.
352 1541 393 1604 30
417 1545 648 1606 enumerantur
668 1534 874 1623 μισθώματα
897 1561 979 1627 quae
1004 1562 1150 1628 expensa
1173 1549 1250 1607 sunt
1272 1544 1306 1608 in
1328 1564 1428 1630 opera

270 1673 290 1718 a
305 1652 446 1738 quodam
459 1653 583 1719 artifice
595 1653 753 1738 inquilino
767 1652 934 1719 Melitensi
944 1653 1024 1737 (---
1035 1651 1076 1736 ἐμ
1087 1651 1208 1740 Melta}
1235 1650 1303 1728 οἰκξ
1316 1657 1337 1738 )
1350 1677 1427 1721 con-

270 1764 373 1842 iecta3
398 1765 599 1831 antecedunt
614 1765 757 1830 rationes
776 1764 816 1830 de
836 1765 990 1852 operibus
1010 1785 1093 1850 quac
1115 1763 1305 1832 Euaenetus
1323 1769 1427 1832 mani-

269 1877 354 1944 festo
380 1878 496 1944 eadem
518 1879 644 1943 ratione
666 1879 887 1964 praestiterat.
933 1899 1015 1964 quac
1039 1899 1139 1965 opera
1162 1899 1298 1964 quorum
1320 1882 1429 1967 pretia

271 1990 410 2076 singulis
433 1991 611 2057 artificibus
636 1992 743 2056 soluta
770 1991 816 2054 ibi
843 1996 1075 2056 enumerantur
1104 1991 1132 2054 si
1154 1992 1330 2058 contuleris
1354 2013 1428 2058 eum

270 2103 310 2168 iis
334 2125 418 2189 quae
434 2103 570 2168 definita
593 2108 668 2168 sunt
689 2103 724 2166 in
745 2101 840 2166 titulo
864 2104 912 2182 16,
934 2101 1062 2167 ridebis
1086 2121 1124 2168 eo
1147 2103 1242 2168 titulo
1266 2105 1428 2171 contineri

270 2217 412 2282 indicem
444 2236 579 2303 operum
626 2235 709 2301 quae
745 2213 935 2278 Euaenetus
973 2214 1026 2280 vel
1065 2213 1250 2280 Melitensis
1285 2217 1342 2283 ille
1374 2221 1428 2284 vel

270 2331 354 2395 alius
376 2335 546 2416 praestare
569 2326 765 2410 debueritl).
803 2327 832 2390 is
854 2333 965 2392 autem
980 2324 1081 2392 index
1103 2348 1160 2392 cur
1182 2328 1222 2393 ab
1238 2330 1428 2396 elocationis

270 2444 485 2508 instrumento
520 2440 652 2528 proprio
685 2444 782 2526 atque
820 2459 898 2504 vero
933 2438 1183 2524 distinguendus
1223 2441 1278 2522 eit,
1318 2443 1428 2507 statim

270 2555 387 2621 dicam.
418 2553 622 2620 encausticae
641 2551 785 2638 picturas
808 2550 905 2632 solas,
928 2556 1085 2635 quantum
1109 2551 1238 2634 scimus,
1263 2560 1428 2621 curatores

270 2667 469 2755 redemptori
493 2666 564 2752 (qui
585 2658 761 2752 μισθωτής
775 2663 972 2749 appellatur)
995 2663 1162 2729 faciendas
1186 2666 1316 2732 elocare
1340 2669 1427 2734 sole-

269 2782 359 2863 bant,
383 2781 438 2867 qui
460 2778 648 2866 redemptor
669 2783 705 2841 ut
732 2797 791 2862 par
820 2781 871 2840 est
895 2775 1050 2861 praedem
1072 2771 1255 2867 (ἐγγυητήν)
1278 2779 1423 2868 dabat4).

272 2914 345 2959 cum
367 2890 470 2958 ceteri
498 2891 639 2956 artifices
662 2887 802 2975 praedes
830 2909 895 2952 non
919 2886 1050 2953 dedisse
1072 2888 1260 2973 videantur,
1289 2913 1427 2958 neeesse

273 3012 324 3071 est
338 3011 519 3071 statuamus
542 3001 674 3089 aliquod
697 3001 872 3066 discrimen
894 3000 1015 3064 factum
1038 3021 1113 3066 esse
1134 3001 1221 3068 inter
1235 3023 1335 3089 opera
1349 3026 1427 3071 vere

271 3119 379 3183 locata
401 3125 436 3184 et
459 3138 558 3204 opera
574 3114 794 3203 compluribus
818 3112 998 3178 artificibus
1020 3113 1114 3178 sicuti
1129 3113 1299 3181 Euaeneto
1324 3123 1357 3182 et
1379 3117 1427 3209 illi

271 3229 438 3295 Melitensi
461 3228 643 3294 distributa.
679 3225 765 3311 quod
788 3225 963 3290 discrimen
985 3230 1136 3290 accurate
1159 3225 1287 3290 definiri
1301 3230 1426 3315 nequit.

272 3343 384 3408 nescio
407 3362 449 3405 an
475 3339 675 3427 redemptori
697 3337 796 3425 pretii
818 3358 880 3424 quo
909 3337 1017 3402 licitus
1050 3342 1121 3401 erat
1142 3358 1229 3423 pars,
1252 3345 1426 3426 antequam

343 3533 363 3600 1)
382 3530 416 3586 cf.
439 3528 583 3584 Michaelis
605 3527 662 3581 l‘la
678 3525 729 3580 col.
747 3542 802 3579 cr.
825 3524 875 3578 25:
904 3525 1011 3578 τέκτοσι
1036 3523 1204 3595 μισθώματα
1229 3523 1275 3579 καὶ
1302 3533 1426 3599 καθημε-

271 3618 353 3692 ρέσια.
383 3618 495 3688 praeter
506 3615 599 3670 fabros
616 3611 751 3686 ὑπουργοί
763 3610 914 3685 stapleton
932 3605 1003 3676 ,καθ’
1014 3610 1121 3682 ἡμέραν
1133 3609 1320 3682 ἐργαζόμενοέ
1338 3618 1426 3672 erant.

271 3705 304 3760 of.
323 3705 368 3760 tit.
386 3704 421 3760 20
438 3721 456 3758 a
474 3703 556 3758 coll
580 3721 605 3756 v.
624 3702 639 3755 1
659 3719 733 3771 sqq.;
760 3700 810 3755 col.
834 3699 862 3753 Π
883 3717 909 3753 v.
926 3699 960 3752 21
985 3715 1044 3766 sqq.
1068 3700 1097 3752 et
1119 3714 1136 3751 a
1157 3699 1208 3753 eol.
1226 3699 1240 3753 Ι
1257 3717 1283 3756 v.
1300 3701 1335 3755 29
1353 3721 1426 3773 sqq:

270 3790 395 3862 πρίσταις
403 3786 466 3842 καθ’
475 3789 582 3863 ἡμέραν
592 3787 792 3861 ἐργαζομένοις,
805 3785 883 3838 δυοῖν
895 3781 1007 3858 ἄνδροῖν
1016 3783 1160 3838 ἑκκαίδεκα
1171 3784 1290 3860 ἡμερῶν,
1301 3781 1436 3860 δραχμῆςΙ

269 3880 318 3948 τῆς
334 3878 439 3951 ἡμέρας
455 3875 570 3945 ἑκάστης
587 3874 713 3948 ἑκατέρῳ.

340 3965 362 4034 ¹)
381 3964 533 4034 sculptores
545 3957 785 4032 (ἀγαλματοποιοὶ)
803 3975 853 4028 pro
866 3955 983 4027 singulis
1001 3956 1155 4026 anaglyphi
1167 3957 1264 4026 figuris
1275 3957 1427 4013 maioribus

270 4067 422 4121 sexagenas
446 4049 590 4104 drachmas
615 4045 792 4117 accipiebant
814 4043 858 4112 (cf.
880 4042 950 4096 201)
973 4042 1063 4108 coll,
1087 4043 1229 4112 eccll),
1256 4043 1361 4112 χάλκας
1380 4044 1426 4116 ἐρ-

269 4135 425 4208 γασάμενοι
441 4151 492 4205 pro
511 4132 629 4204 singulis
646 4134 796 4201 quaternas
809 4129 894 4185 denas
906 4129 1050 4183 drachmas
1069 4128 1113 4198 (cf.
1127 4146 1142 4183 c
1159 4129 1210 4182 col.
1223 4128 1250 4181 Π
1261 4145 1287 4183 r.
1300 4129 1333 4184 69
1345 4130 1425 4199 sqq),

269 4221 456 4296 κηροπλάσται
476 4238 527 4292 pro
549 4218 666 4291 singulis
689 4217 893 4288 exemplaribus
916 4215 1060 4270 drachmas
1083 4217 1196 4270 octonas
1220 4215 1265 4284 (cf.
1287 4232 1303 4269 c
1325 4217 1375 4270 col.
1398 4218 1426 4270 Π

270 4329 296 4365 v.
316 4310 400 4378 1-8).

341 4398 362 4464 ¹)
381 4395 414 4450 cf.
432 4393 578 4450 Michaelis
595 4394 614 4448 l.
631 4393 650 4448 l.
668 4412 696 4463 p.
714 4391 757 4446 44.

342 4485 363 4550 ⁴)
381 4481 415 4536 ei.
433 4481 468 4536 20
484 4497 502 4536 a
520 4480 571 4536 col.
589 4481 603 4534 I
620 4498 646 4535 r.
663 4479 698 4535 42
717 4496 789 4547 sqq.;
808 4494 824 4532 c
840 4476 892 4531 eol.
910 4475 937 4530 Π
954 4493 979 4530 v.
999 4475 1032 4528 12
1050 4491 1109 4542 sqq.

1236 4575 1273 4636 2.
