3310 5254
699 445 827 510 ..·77
875 482 912 492 -

308 633 349 700 V.
375 638 450 699 115:
479 631 763 701 δακτυλίσκου.
809 655 881 700 cmn
912 634 1114 700 deminutiva
1136 634 1170 699 in
1193 654 1303 715 -ισυος
1325 655 1385 702 ex-

222 749 335 814 euntia
357 749 474 833 viginti
497 749 566 814 fere
590 769 726 813 numero
750 747 826 814 inde
850 748 891 813 ab
914 747 1075 813 Herodoti
1098 755 1207 815 aetate
1238 771 1257 814 a
1281 751 1383 836 scrip·

222 861 348 924 toribus
378 861 505 945 graecis
535 882 666 946 semper
686 860 915 943 admittantur,
944 883 1022 925 casu
1044 861 1169 926 sactum
1197 883 1270 927 esse
1293 868 1384 948 puto,

222 973 309 1058 quod
332 968 567 1050 *deucalioneos
588 974 728 1058 primum
751 973 909 1038 hocloco
932 975 1062 1058 legitur.

308 1083 350 1149 V.
366 1086 442 1147 117:
465 1082 619 1149 καθέτο
629 1081 717 1171 [υ]ς.
740 1085 912 1171 lapicidae
925 1085 1075 1149 omisisse
1088 1083 1227 1149 videtur.
1242 1079 1386 1163 κάθετος

222 1195 420 1260 adiectivum
440 1203 543 1261 estet
561 1197 724 1282 significat
740 1198 761 1260 i.
775 1218 804 1282 q.
821 1195 1112 1282 perpendicularis.
1136 1187 1157 1283 ἡ
1177 1191 1320 1274 κάθετος
1339 1219 1383 1262 sc.

222 1303 355 1395 γραμμή
376 1308 657 1394 perpendicularis
681 1315 732 1373 est
754 1310 851 1373 linea.
888 1307 928 1372 cf.
954 1308 1200 1393 epigrammatis
1224 1308 1310 1392 quod
1334 1314 1386 1372 est

222 1418 308 1505 apud
323 1418 538 1483 Plutarchum
552 1420 586 1483 in
601 1421 668 1484 vita
681 1418 815 1484 Aemilii
826 1419 922 1483 Pauli
934 1440 1003 1505 cap.
1016 1418 1081 1483 XV
1093 1440 1224 1483 versum
1241 1422 1275 1482 2:
1299 1414 1385 1505 ἱερὸν

222 1526 309 1618 ὕψος
324 1526 398 1612 ἐρα,
422 1525 508 1617 πρὸς
521 1525 581 1619 τὴν
594 1527 737 1597 κάθετον
751 1523 785 1596 d'
804 1526 979 1618 ἐμετρήθη,
1004 1530 1090 1596 unde
1113 1523 1134 1619 ἡ
1150 1526 1293 1609 κάθετος
1308 1553 1384 1616 per-

221 1643 431 1729 pendiculum
447 1645 674 1730 appellabatur
695 1642 750 1729 (cf.
768 1643 934 1708 Bliimner.
954 1665 984 1730 p.
1004 1645 1067 1707 234
1086 1642 1158 1728 sq.).
1193 1635 1384 1729 edyrdrcor

136 1761 139 1770 ’
223 1762 274 1820 est
302 1755 336 1819 id
367 1757 455 1842 quod
488 1763 597 1822 rectos
627 1757 728 1822 habet
760 1757 908 1841 angulos.
965 1755 1005 1820 cf.
1036 1757 1148 1820 titulos
1178 1755 1332 1838 Lesbios,
1363 1777 1382 1820 a

223 1866 360 1952 Oyriaeo
404 1869 652 1955 transscriptum
686 1889 716 1934 v.
749 1873 789 1932 14
819 1889 880 1953 sq.:
928 1861 1173 1955 ἐ[ργ]ασάμενος
1308 1861 1385 1946 τοὺς

224 1971 348 2064 ἆρμοὺς
373 1973 459 2065 πρὸς
481 1975 628 2068 κα[νόνα]
661 1972 833 2065 εὖγιονίους
855 2017 872 2026 -
895 1973 1083 2064 -στερεοὺς
1109 1971 1177 2045 ὑπὸ
1206 1977 1326 2059 goldes,
1351 1987 1402 2076 etv

223 2113 241 2156 a
265 2091 387 2156 Oonzio
412 2092 536 2157 editum
558 2114 586 2158 v.
613 2096 668 2156 12:
693 2085 791 2178 ὀρθὰ,
815 2084 926 2172 εὐθέα,
950 2084 1110 2178 εὐγώνῂα.
1156 2112 1222 2156 non
1245 2112 1383 2157 necesse

222 2211 273 2269 est
296 2210 477 2269 statuamus
500 2226 519 2268 a
544 2205 630 2268 tituli
653 2210 787 2268 auctore
812 2211 936 2270 certum
959 2204 1134 2268 discrimen
1157 2204 1279 2268 lactum
1308 2225 1381 2269 essa

221 2317 307 2381 inter
318 2317 408 2380 varia
420 2316 567 2402 epitheta
580 2337 663 2401 quae
677 2317 890 2381 enumeravit.
914 2310 1058 2393 κάθετος
1075 2315 1274 2381 adiectivum
1286 2337 1381 2402 prae-

222 2429 316 2514 cipue
339 2426 381 2491 ad
402 2428 543 2492 laterum
557 2427 772 2492 directionem
790 2433 925 2514 spectat,
954 2418 1106 2512 εὐγώνιος
1122 2427 1163 2491 ad
1180 2429 1382 2512 singulorum

221 2540 361 2604 laterum
382 2541 520 2623 angulos
544 2545 669 2620 rectos,
697 2533 826 2624 στερεός
848 2537 889 2602 ad
911 2544 1063 2602 exactam
1087 2546 1120 2603 et
1143 2538 1280 2603 solidam
1303 2559 1383 2625 qua-

182 2707 185 2718 .
221 2651 373 2715 draturee
385 2651 628 2736 perfectionem.
667 2651 909 2735 προςαγωγεῖον
929 2648 1007 2733 quid
1024 2650 1066 2713 sit
1081 2671 1180 2736 supra
1196 2650 1265 2714 dixi
1283 2673 1315 2736 p.
1333 2654 1383 2716 72.

306 2762 348 2828 V.
380 2765 457 2826 120:
494 2762 534 2827 de
570 2761 852 2847 *μιλτολογεῖν
883 2761 975 2826 verbi
1011 2761 1249 2846 significatione
1285 2784 1384 2848 supra

221 2899 252 2963 p.
276 2879 328 2958 67,
359 2875 399 2940 de
424 2874 551 2961 scalpro
583 2875 669 2959 quod
690 2870 852 2959 λείστριον
875 2880 1011 2939 vocatur
1032 2896 1062 2960 p.
1089 2877 1128 2939 70
1156 2875 1381 2941 disseruimus.

308 2987 505 3071 V.121sq.:
529 2977 784 3070 ἇναθυρώσει
802 2981 894 3065 τοὺς
918 2977 1083 3071 θερμούς,
1107 2987 1147 3052 cf.
1164 3008 1193 3053 v.
1220 2990 1290 3052 142.
1325 3009 1382 3053 ve·

223 3106 311 3166 teres
325 3099 466 3163 artifices
490 3097 591 3163 verbo
614 3089 819 3182 *ἂναθυροῦν
840 3098 1057 3184 designabant
1077 3101 1268 3164 sollemnem
1284 3105 1382 3185 atque

222 3211 468 3276 usitatissimam
483 3211 572 3274 illam
589 3208 758 3296 sculpendi
773 3209 933 3274 rationem
946 3230 1009 3294 qua
1021 3210 1166 3297 lepidum
1181 3212 1285 3276 latera
1300 3232 1384 3296 quae

223 3321 460 3410 compingenda
483 3327 577 3386 erant
599 3319 847 3407 (‚St0sslugen‘)
871 3321 917 3384 ita
939 3323 1157 3404 excusabant,
1180 3330 1217 3387 ut
1239 3323 1381 3387 excisio-

222 3458 281 3501 nes
305 3436 422 3499 ianuae
445 3434 607 3498 haberent
629 3433 759 3498 formas.
806 3433 845 3498 cf.
869 3434 970 3498 verba
993 3425 1248 3516 ἀνα-σκάπτειν,
1273 3427 1382 3500 ἇν-οι-

221 3543 347 3634 γνύναι,
377 3538 598 3629 ἄνα-τέμνειν,
628 3545 702 3610 alia.
746 3543 870 3628 θυροῦν
899 3544 1062 3630 significat
1088 3545 1214 3610 foribus
1243 3547 1381 3628 munire,

223 3661 262 3725 cf.
285 3660 371 3724 Plut.
395 3660 511 3723 Artax.
536 3680 606 3744 cap.
631 3661 686 3722 29:
714 3659 824 3737 τοῖχον
846 3650 995 3742 ἐκκόψας
1016 3653 1073 3721 καὶ
1095 3651 1260 3743 θυρώσας,
1283 3659 1381 3723 ianua

222 3773 256 3835 in
277 3772 403 3857 pariete
427 3771 523 3850 faeta,
545 3769 712 3856 Aristoph.
737 3768 846 3833 avium
868 3790 897 3833 v.
916 3771 993 3833 614:
1016 3769 1169 3855 θυρῶσαι
1191 3764 1282 3852 (νεὼ)
1304 3794 1381 3856 χρυ-

223 3886 316 3948 σαῖσι
352 3876 487 3967 θύραις,
528 3879 614 3946 ΟΙΑ.
643 3881 679 3944 II
707 3882 810 3961 raab,
842 3901 872 3946 v.
899 3883 955 3944 16:
994 3881 1147 3964 θυρῶσαι
1175 3875 1213 3946 τὸ
1246 3874 1381 3967 ἀρχαῖον

223 3989 404 4080 πρόπυλον,
434 3994 482 4058 tit.
506 3993 606 4057 Arrio.
653 3985 769 4080 Ἀθήν.
801 3993 832 4056 V
861 4014 891 4078 p.
918 3994 996 4072 527,
1026 4013 1055 4058 v.
1082 3996 1135 4056 10:
1167 3987 1226 4080 τὴν
1252 3988 1381 4060 εἴσοδον

223 4100 403 4192 ἕθύριοσεν;
433 4106 481 4172 tit.
514 4103 739 4170 Chalcidensis
762 4105 869 4170 Mitth.
899 4104 929 4168 d.
958 4104 1046 4170 arch.
1075 4104 1157 4170 Inst.
1180 4104 1229 4168 VI
1251 4127 1283 4190 p.
1308 4107 1380 4188 168,

223 4242 250 4284 v.
264 4223 300 4284 8:
324 4213 502 4302 τρίκλεινον
524 4211 768 4305 δειπνιστήριον
789 4210 937 4303 ποιήσας
952 4212 1009 4279 καὶ
1024 4209 1196 4300 θυρώσας,
1220 4217 1254 4280 in
1268 4217 1381 4281 tabula

221 4335 439 4400 Heracleensi
462 4333 560 4418 (OIG.
585 4334 683 4418 5774)
711 4334 818 4419 prima
840 4333 961 4418 legitur
983 4354 1013 4398 v.
1040 4336 1096 4396 141
1124 4354 1186 4418 sq.:
1217 4333 1322 4397 ταῦτα
1344 4329 1381 4398 δὲ

222 4441 397 4532 παρεξόντι
421 4440 661 4530 οἱκοδομημένα
675 4441 733 4509 καὶ
748 4439 924 4528 στεγόμενα
946 4441 1003 4508 καὶ
1024 4439 1252 4529 τεθυρωμένα;
1275 4445 1309 4507 in
1328 4445 1379 4508 in-
