3310 5254
695 395 909 462 ..56-

223 583 390 674 perlectos
417 591 451 651 et
474 587 669 669 collocatos,
701 586 724 653 i.
746 607 776 653 e.
799 587 901 653 totius
925 585 1034 673 operis
1056 584 1294 673 perfectionem
1317 576 1389 673 (τὴν

224 693 379 786 ἐργασίαν
393 694 450 763 καὶ
468 692 631 780 σύνθεσιν,
649 698 690 764 11.
712 719 741 764 v.
755 701 793 763 91
810 720 858 784 sq.
864 723 872 775 ;
887 701 928 763 96
945 697 1006 785 sq.)
1021 698 1201 764 architecto
1214 695 1388 764 ostendere

224 810 341 892 debet,
363 809 612 897 hyparohitecto
636 816 747 876 autem
769 811 914 875 omnium
940 810 1085 897 lapidum
1107 811 1213 875 latera
1235 814 1269 874 11
1290 809 1389 875 bases

225 923 321 989 sicuti
350 923 608 989 substructiones
639 924 757 1010 quibus
790 925 1001 1010 imponuntur
1036 922 1091 1009 (cf.
1115 946 1145 990 v.
1170 925 1244 1006 149)
1272 921 1389 988 eodem

224 1041 373 1122 ternpore
396 1057 460 1123 quo
483 1035 610 1122 lapides
633 1035 847 1124 perpoliendo
871 1037 1059 1102 absolverit.
1105 1056 1188 1120 quae
1212 1039 1391 1122 praecepta

224 1147 267 1214 ad
289 1148 397 1235 operis
420 1147 648 1233 probationem
675 1148 860 1232 spectantia
883 1168 957 1212 cum
980 1146 1021 1211 iis
1045 1167 1129 1232 quae
1153 1151 1321 1210 curatores
1346 1145 1388 1211 de

225 1259 391 1348 lapidibus
417 1259 641 1347 perpoliendis
669 1258 830 1325 dederrmt
862 1257 1225 1344 (1911112468)
1255 1279 1275 1322 a
1302 1258 1389 1322 tituli

228 1377 362 1438 auctore
389 1392 505 1459 parum
535 1378 611 1459 apte
634 1372 720 1436 inter
743 1392 779 1438 se
810 1391 937 1436 conexa
965 1377 1063 1457 atque
1096 1371 1273 1436 commixta
1303 1377 1388 1436 suut.

227 1507 268 1551 ea
289 1490 401 1550 autem
419 1485 492 1572 ipsa
509 1505 592 1569 quae
615 1483 657 1549 ad
674 1483 819 1571 lapidum
841 1483 1017 1569 polituram
1040 1489 1190 1569 spectant
1213 1482 1295 1548 adeo
1314 1488 1390 1548 sunt

229 1597 385 1678 obscura,
418 1602 455 1661 nt
484 1602 607 1662 certam
630 1595 671 1662 de
700 1596 741 1660 iis
765 1595 960 1661 sententiam
982 1595 1045 1660 hoc
1073 1596 1147 1660 loco
1176 1596 1387 1681 pronuntiare

228 1729 296 1774 uon
317 1706 467 1776 audeam.
501 1707 585 1773 111111
600 1707 634 1772 iu
649 1707 884 1773 commentario
900 1727 970 1772 rem
987 1705 1211 1772 difficillimam
1231 1707 1388 1794 expedire

227 1819 372 1886 conabor
381 1818 417 1904 ¹).

312 1929 476 2018 Lapidum
503 1929 724 1996 commissuris
747 1930 832 1994 natri
862 1950 924 2017 ope
950 1931 1098 2016 purgatis
1133 1936 1167 1996 et
1196 1951 1281 2016 aqua
1309 1951 1391 2017 pura

229 2044 328 2111 elutis
364 2043 564 2128 redemptori
592 2041 719 2129 lapides
748 2042 887 2107 vinculis
924 2048 957 2107 et
983 2043 1118 2129 plumbo
1148 2043 1278 2108 firmare
1311 2043 1391 2108 licet

229 2156 263 2243 (ξ
281 2159 331 2238 111,
353 2177 384 2221 v.
402 2153 596 2240 raa-170).
631 2175 695 2241 quo
718 2153 814 2220 ruodo
838 2161 948 2220 autem
963 2155 1094 2220 vincula
1115 2156 1214 2242 plana
1236 2161 1271 2220 11
1292 2177 1389 2220 ausas

229 2274 263 2334 et
297 2267 495 2334 securiculas
530 2266 694 2353 lapidibus
725 2267 893 2349 immittat,
932 2288 995 2352 qno
1026 2266 1171 2355 pondera
1205 2289 1246 2333 ea
1280 2267 1390 2348 faciat,

225 2379 391 2466 'quomodo
413 2379 584 2466 plumbum
605 2377 770 2460 infundat,
794 2400 834 2444 aa
857 2379 967 2444 omnia
987 2379 1178 2466 redemptor
1199 2381 1272 2467 ipse
1296 2401 1392 2444 oura-

227 2493 353 2559 toribus
368 2492 509 2579 probare
532 2489 631 2556 debet
653 2511 759 2576 neque
781 2491 882 2555 ullam
904 2512 974 2556 rem
995 2512 1061 2556 non
1077 2491 1249 2577 probatam
1267 2492 1390 2558 vincire

229 2606 261 2672 ei
283 2605 374 2672 licet:
398 2605 439 2688 ,si
462 2602 540 2688 qnid
561 2603 715 2685 vinxerit,
738 2602 772 2667 id
794 2602 914 2668 itemm
935 2603 1042 2667 tollito
1067 2608 1100 2668 et
1123 2603 1230 2669 denuo
1254 2604 1390 2669 struito‘.

231 2717 350 2804 quibus
366 2715 475 2783 verbis
499 2721 667 2781 curatores
691 2714 807 2781 eadem
830 2720 1007 2802 praecepta
1029 2736 1114 2800 quae
1137 2716 1274 2780 intituli
1296 2722 1390 2803 parte

230 2830 340 2918 priore
364 2829 487 2915 scripta
510 2833 604 2893 eraut
620 2826 676 2909 (ἐξ
689 2832 708 2891 4
721 2834 754 2893 11
767 2831 798 2909 5,
813 2848 843 2894 v.
860 2826 1009 2912 16-24),
1033 2848 1076 2892 ex
1097 2827 1173 2912 lege
1192 2828 1355 2893 communi
1363 2827 1390 2913 ²)

232 2941 391 3007 translata
414 2939 652 3006 subiuuxerunt
676 2938 718 3025 (v.
746 2940 937 3022 rvr-182).

209 3035 234 3060 ⁹
318 3051 471 3137 Denique
514 3051 630 3116 ultima
671 3049 761 3115 tituli
796 3049 1000 3137 paragrapho
1042 3049 1125 3115 haee
1166 3048 1277 3115 addita
1317 3057 1393 3115 sunt

233 3161 488 3250 (1118211111
521 3160 588 3244 ,ubi
617 3165 726 3228 autem
755 3162 967 3227 collocaverit
992 3161 1120 3248 lapides
1144 3184 1257 3228 omnes
1290 3161 1393 3248 (mm),

234 3275 363 3343 caedito
389 3295 502 3340 eorum
525 3273 731 3360 superficiem
760 3272 875 3340 eadem
897 3274 1024 3340 ratione
1052 3295 1117 3361 qua
1142 3275 1269 3361 priores
1290 3299 1394 3340 κατα-

233 3387 415 3478 oenotriam
438 3384 512 3473 (kk)
542 3386 632 3452 caesi
654 3390 748 3468 sunt,
777 3393 812 3451 11
833 3387 998 3472 laevigato
1021 3386 1063 3452 ad
1091 3390 1240 3473 regulam
1262 3388 1394 3473 longam

233 3501 364 3567 rubrica
395 3499 551 3564 infectam
581 3497 644 3564 rite
677 3487 805 3584 scalpro
835 3496 986 3580 dentato,
1022 3519 1097 3564 oum
1122 3498 1250 3587 lapides
1281 3521 1394 3566 omnes

235 3614 357 3680 circum
392 3612 477 3677 circa
510 3609 671 3676 dolaverit
707 3617 740 3675 11
773 3609 815 3675 ad
848 3610 996 3675 libellam
1034 3632 1147 3676 eorum
1186 3612 1395 3698 superficiem

235 3721 395 3791 direxerit
407 3729 440 3790 et
452 3722 602 3808 exegerit
617 3721 693 3788 inde
707 3721 883 3809 alapidum
894 3728 1042 3788 veterum
1054 3729 1147 3810 parte
1164 3745 1247 3810 quae
1262 3730 1394 3810 praesto

179 3855 185 3864 ’
235 3843 287 3904 est
309 3837 375 3902 iam
398 3836 605 3922 complanata
627 3839 660 3900 et
685 3834 864 3920 laevigata,
896 3833 986 3900 cubis
1009 3835 1104 3900 factis
1127 3855 1170 3900 ex
1191 3836 1281 3922 ligno
1304 3835 1395 3900 arido

236 3947 382 4030 oleastri,
397 3953 431 4014 11
442 3947 500 4012 ubi
511 3946 699 4034 probaverit
712 3945 820 4011 omnia
832 3951 932 4028 reeta,
948 3946 1133 4032 laevigata‘,
1146 3984 1160 3997 -
1170 3985 1184 3996 -
1195 3968 1278 4032 quae
1291 3952 1395 4013 resta-

236 4061 317 4128 bant
340 4080 379 4127 11
401 4059 435 4123 in
457 4058 571 4125 tabula
592 4057 788 4143 insequente
810 4057 914 4123 incisa
936 4063 1029 4123 eraut
1048 4078 1131 4143 quae
1154 4057 1268 4124 tabula
1290 4059 1396 4146 periit.

287 4225 539 4301 'bdpfflm

310 4324 331 4388 ²)
350 4318 385 4374 cf.
403 4333 476 4389 quaa
494 4315 699 4386 disputavimus
717 4331 800 4385 supra
818 4333 846 4385 p.
864 4315 898 4369 36
917 4333 957 4384 sq.
