3310 5254
685 461 895 523 -25-

210 652 308 731 atque
328 646 356 710 si
371 647 551 712 locationes
568 653 676 712 aetate
695 648 877 734 posteriore
894 648 1091 736 compositas
1109 683 1142 694 -
1159 644 1297 710 saeculis
1313 642 1366 707 III

211 765 244 822 et
266 757 300 821 ΙΙ
323 797 381 841 -,
412 760 588 846 praecipue
620 761 870 826 instrumentum
898 760 1070 826 Deliacum
1099 758 1366 844 contemplamur,

209 870 358 934 videmus
399 892 534 958 operum
563 873 730 957 portiones
765 893 961 959 permagnos
998 893 1017 936 a
1048 871 1184 957 singulis
1215 869 1366 954 redemp-

209 982 336 1047 toribus
359 982 495 1048 conduai
518 983 630 1048 solitas
653 983 767 1049 luisse.
800 985 876 1048 hinc
892 991 1027 1072 apparet
1043 985 1244 1069 singularum
1259 1000 1366 1046 rerum

211 1117 321 1160 curam
344 1096 488 1181 ipsorum
514 1103 697 1161 curatorum
719 1097 879 1162 voluntati
902 1104 935 1162 ct
958 1097 1091 1162 arbitrio
1115 1096 1246 1161 saeculo
1268 1093 1366 1158 tortio

211 1207 472 1296 redemptoribus
485 1208 762 1274 intercedentibus
779 1211 866 1276 inter
881 1217 1048 1276 curatores
1064 1217 1097 1275 ct
1113 1210 1247 1296 opifices
1263 1206 1367 1292 magis

212 1321 381 1406 magisque
410 1322 608 1387 subtractam
637 1343 721 1387 csso.
766 1322 988 1408 redempturos
1017 1322 1104 1388 enim
1131 1341 1194 1407 quo
1226 1320 1367 1384 maiores

212 1454 347 1520 operum
368 1433 573 1520 publicorum
588 1435 755 1520 portiones
777 1435 897 1520 singuli
921 1433 1153 1521 suscipiebant,
1177 1453 1240 1518 quo
1256 1433 1367 1518 plures

212 1546 254 1610 ad
276 1567 377 1633 opera
400 1547 608 1633 suscipienda
631 1548 807 1613 societates
830 1547 966 1625 inibant,
991 1568 1030 1612 eo
1053 1547 1158 1630 magis
1183 1549 1367 1610 curatorum

214 1659 383 1724 arbitrium
414 1660 544 1724 elevare
574 1665 736 1744 poterant.
780 1658 866 1723 unde
890 1659 1108 1743 intellegitur,
1139 1678 1195 1722 cur
1223 1657 1256 1721 in
1278 1657 1367 1721 loca·

214 1772 341 1835 tionum
372 1771 501 1856 legibus
530 1777 713 1835 curatorum
743 1777 889 1858 potestas
917 1770 1141 1858 redemptores
1170 1770 1203 1834 in
1232 1769 1368 1854 singulis

213 1884 311 1949 rebus
335 1884 484 1948 omnibus
508 1883 715 1949 custodiendi
741 1881 970 1971 interpellandi
994 1882 1165 1948 coercendi
1192 1881 1368 1968 praecipua

215 1995 341 2062 deliniri
364 1996 478 2063 soleat.

302 2108 495 2174 curatorum
508 2109 594 2173 enim
611 2108 719 2174 officia
734 2109 815 2174 haec
833 2114 924 2174 sunt:
947 2108 1066 2173 locatio
1083 2107 1202 2193 operis,
1220 2105 1370 2170 custodia

213 2242 250 2285 ac
267 2221 420 2285 coercitio
437 2220 680 2307 redemptorum
703 2226 737 2284 et
752 2221 913 2306 opificum,
936 2219 1085 2307 probatio
1108 2219 1227 2304 operis,
1250 2219 1369 2284 solutio

212 2333 321 2419 pretii.
377 2353 489 2396 eorum
521 2332 661 2417 collegia
696 2331 832 2416 singulis
870 2331 1025 2418 operibus
1059 2330 1227 2418 praefecta
1270 2351 1371 2418 opera

214 2446 284 2510 sive
314 2451 383 2509 tota
410 2445 478 2510 sive
505 2445 539 2508 in
562 2451 672 2531 partes
702 2444 806 2509 divisa
835 2443 1094 2530 redemptoribus
1123 2444 1261 2524 elocant,
1284 2443 1370 2508 unde

213 2558 345 2642 Tegeac
368 2558 500 2644 proprio
515 2557 645 2622 nomine
667 2557 831 2622 locatores
851 2553 1051 2645 (ἐσδοτῆρες)
1075 2556 1325 2643 appellabantur
1333 2556 1370 2642 1).

213 2670 386 2735 locationis
412 2671 505 2754 leges
535 2691 617 2756 quae
641 2669 682 2733 ad
712 2670 846 2754 negotia
868 2668 1012 2754 gerenda
1035 2673 1202 2753 spectant,
1233 2688 1306 2732 cum
1329 2666 1370 2733 de

214 2781 368 2867 oporibus
384 2781 524 2867 publicis
540 2787 665 2866 agatur,
683 2783 813 2866 exlege
832 2781 995 2846 communi
1002 2777 1030 2864 2)
1046 2781 1225 2845 translatae
1240 2785 1371 2866 praeter

215 2915 351 2980 operum
381 2893 634 2980 descriptionem
666 2893 707 2957 ab
735 2893 913 2958 architecto
947 2892 1127 2957 confectam
1139 2892 1164 2974 ³)
1198 2892 1370 2957 locationis

215 3008 431 3072 instrumento
458 3007 655 3071 inseruntur.
707 3011 872 3071 curatores
903 3006 1010 3092 pretia
1042 3011 1075 3071 et
1102 3005 1271 3071 mercedes
1302 3005 1370 3070 sira

215 3125 401 3206 proponunt
424 3120 492 3184 sivo
517 3140 590 3183 cum
611 3117 872 3204 redemptoribus
896 3119 1097 3183 constituunt
1106 3118 1146 3200 ⁴),
1176 3138 1242 3183 non
1264 3119 1371 3183 minus

288 3376 308 3444 ¹)
327 3375 349 3429 L
367 3377 383 3444 ἕ
400 3375 429 3444 2,
453 3374 532 3443 514,
550 3393 574 3429 v.
594 3374 639 3438 92,
657 3391 683 3427 v.
701 3373 734 3427 37
753 3391 825 3442 sqq.‚
849 3373 916 3427 Dr.
934 3373 959 3427 4.
982 3403 1016 3412 -
1041 3373 1076 3427 de
1097 3373 1266 3428 locatoribus
1285 3372 1372 3441 Tega-

217 3460 301 3516 aticis
320 3462 353 3516 cf.
371 3462 498 3524 Foucart‚
517 3459 648 3530 explicat.
666 3459 702 3513 ad
719 3477 746 3514 n.
765 3459 845 3523 lata,
863 3477 889 3512 v.
910 3458 1019 3513 13-19.
1037 3488 1070 3498 —
1089 3458 1124 3512 de
1141 3458 1275 3513 vocabulo
1294 3457 1373 3512 ἐσδο-

216 3550 296 3619 τῆρες
323 3546 356 3602 ct.
381 3547 417 3601 ad
435 3546 457 3600 L
475 3565 501 3601 v.
518 3547 593 3600 5-6
611 3547 706 3600 annot.
725 3546 749 3599 2.
769 3575 802 3586 -
821 3547 960 3604 curatores
985 3543 1079 3599 Delios
1102 3543 1268 3610 (ἐπιστάτας)
1290 3543 1373 3599 sicuti

215 3634 324 3689 Atticos
347 3651 403 3689 non
431 3633 584 3687 ordinarios
610 3631 694 3687 brisso
723 3631 913 3702 magistratus,
940 3631 988 3685 sed
1014 3630 1050 3684 ad
1077 3630 1189 3700 singula
1215 3646 1299 3700 opera
1324 3630 1373 3683 ad·

216 3719 401 3775 ministranda
428 3721 534 3774 creatos
560 3735 641 3774 nemo
664 3718 789 3789 negabit.
834 3719 869 3772 de
897 3717 1069 3773 curatoribus
1093 3715 1299 3771 Lebadensibus
1324 3717 1373 3786 qui

216 3805 341 3858 ναοποιοὶ
362 3807 498 3860 vocantur
519 3804 643 3859 dubitari
664 3807 768 3875 potest,
792 3806 885 3858 utrum
908 3803 1088 3874 magistratus
1114 3802 1247 3857 ordinarii
1269 3802 1375 3857 fuerint

216 3907 311 3946 necne.
347 3908 381 3945 ex
398 3891 494 3944 multis
515 3890 681 3945 Graecorum
699 3890 860 3945 civitatibus
882 3889 1063 3959 magistratus
1082 3887 1140 3942 eius
1163 3889 1283 3944 nominis
1301 3907 1374 3944 com·

215 3979 416 4033 memorantur:
435 3975 566 4030 νεωποιαί
582 3977 613 4030 in
629 3977 721 4031 titulis
738 3976 854 4046 Amorgi
871 3975 988 4047 repertis
1006 3975 1050 4044 (cf.
1063 3974 1157 4030 mitth.
1172 3975 1186 4028 I
1201 3994 1228 4046 p.
1244 3975 1295 4028 342
1304 3977 1375 4044 sqq.)

217 4063 292 4119 etin
313 4062 406 4118 titulis
424 4062 551 4133 Ephesiis
569 4063 612 4130 (cf.
631 4063 730 4128 Wood‚
748 4062 918 4118 Discoveries
935 4064 966 4116 at
983 4063 1104 4132 Ephesos
1123 4060 1250 4131 Append.
1268 4062 1296 4116 Π
1312 4080 1340 4116 n.
1359 4061 1374 4114 1

217 4152 246 4204 ct
263 4149 300 4204 ib.
318 4150 375 4220 p.4
393 4151 488 4203 annot.
501 4151 537 4218 5),
555 4147 683 4202 νεωποιοί
700 4148 839 4203 notissimi
856 4165 890 4202 ex
908 4147 1094 4205 monumentis
1112 4147 1143 4204 in
1160 4147 1243 4204 Asiae
1260 4146 1379 4204 urbibus

215 4236 343 4306 repertis.

290 4322 800 4392 augauffletodufit.

290 4412 310 4477 ⁸)
328 4409 350 4463 L
368 4411 385 4479 fi
405 4409 450 4472 13;
469 4408 502 4464 cf.
521 4427 547 4464 v.
565 4410 607 4475 52,
626 4409 670 4472 74,
689 4409 816 4468 89-188.

288 4499 309 4567 ⁴)
328 4497 350 4551 L
368 4498 385 4569 ἦ
402 4497 427 4562 2,
445 4496 461 4566 θ
480 4496 526 4560 14;
545 4496 578 4552 cf.
596 4514 622 4553 v.
640 4495 682 4572 63,
700 4497 743 4561 66,
